2804 4920
419 260 513 326 Dola.
535 257 580 324 ill
604 257 733 327 Oetaeas
753 258 899 326 Poacboe.
1200 261 1262 324 151

116 424 286 483 Secundum
298 425 326 482 J
323 427 466 485 ollanrtem
479 426 543 505 (m.
561 427 635 506 1-9)

116 505 157 562 In
178 505 231 563 illo
254 513 394 585 tempore,
421 508 493 566 Una
516 508 632 566 sabbati
656 507 756 566 Maria
779 507 956 586 Magdalene
978 507 1063 567 venit
1085 525 1172 565 mane
1195 526 1263 564 cum

49 585 153 644 adhuc
167 588 295 646 tenebrae
308 595 509 665 essentiaeque
523 591 564 647 ad
585 589 718 647 nondum
739 590 819 648 enim
840 589 972 648 sciebant
994 589 1170 665 Scripturas,
1194 587 1265 664 quia

50 669 212 743 oportebat
225 689 294 727 eum
307 691 326 728 a
339 670 464 728 mortuis
476 691 635 748 resurgere.

117 747 222 807 Credo.

119 829 313 903 Offertora'um.

117 910 296 970 Benedictus
316 913 369 989 qui
382 913 512 971 venitin
525 914 647 971 nomine
668 913 808 971 Domini:
828 912 1037 971 benediximus
1049 932 1102 970 vos
1122 912 1159 971 de
1176 911 1264 970 domo

54 990 198 1050 Domini:
219 993 301 1051 Deus
315 994 471 1067 Dominus,
486 1001 517 1052 et
529 995 633 1052 illuxit
648 995 742 1068 nobis,
757 993 893 1071 alleluya.

117 1084 239 1143 Secreta

116 1165 260 1239 Concede,
271 1188 447 1244 quaesumus,
463 1169 601 1240 Domine,
614 1189 730 1245 semper
742 1188 796 1225 nos
810 1187 862 1244 per
874 1168 937 1226 haec
953 1168 1095 1244 mysteria
1110 1167 1265 1225 Paschalia

54 1247 217 1320 gratlllari;
237 1255 273 1306 ut
286 1250 427 1306 continua
441 1257 552 1307 nostrae
568 1251 763 1327 reparationis
777 1251 918 1327 operatio,
933 1256 1083 1327 perpetuae
1104 1249 1190 1306 nobis
1211 1249 1264 1306 fiat

58 1346 143 1385 causa
156 1329 276 1387 lletitioe.
320 1330 379 1388 Per
392 1331 564 1390 Dominum.

115 1428 337 1581 diligitis
351 1504 471 1562 ullrlslo
484 1504 628 1582 alpinas
641 1505 721 1578 esus,
738 1503 893 1562 caustum
906 1504 1057 1577 inuisus,
1071 1503 1208 1580 alleluya.

117 1600 360 1660 Pasicommmaio.

116 1681 343 1759 Redemptionis
363 1690 471 1740 nostrae
492 1703 615 1741 munere
635 1683 773 1759 vegetati,
796 1702 973 1759 quaesumus,
997 1681 1134 1754 Domine,
1157 1688 1193 1739 ut
1213 1700 1266 1758 per

66 1757 111 1896 lic
138 1771 291 1855 perpetuae
323 1764 428 1821 salutis
459 1764 616 1837 auxilium,
650 1765 722 1822 fides
753 1783 868 1841 semper
898 1784 969 1822 vera
999 1763 1143 1841 proficiat.
1206 1763 1266 1820 Per

91 1863 228 1901 ominum.

392 2007 554 2066 Doululoa
575 2024 609 2066 lu
629 2007 763 2066 Ocurvls
784 2006 926 2066 Pascua

119 2099 257 2173 Officio-m.

117 2181 206 2250 Quasi
221 2181 308 2239 modo
320 2181 414 2258 geniti
435 2181 573 2253 infantes,
589 2181 734 2258 alleluya:
756 2182 947 2240 rationabiles
967 2180 1031 2239 sine
1045 2179 1113 2238 dolo
1133 2180 1179 2238 lac
1199 2199 1267 2238 oon·

45 2261 204 2336 capacite,
219 2262 357 2339 alleluya,
372 2262 510 2338 alleluya,
525 2263 661 2338 alleluya.

119 2358 262 2416 Paulinus.
530 2346 535 2358 ⁶

117 2439 272 2497 Exsultate
286 2440 350 2496 Deo
364 2441 494 2516 adjutori
507 2447 628 2513 nostl·0;
645 2441 774 2517 jubilate
790 2441 855 2499 Deo
869 2441 972 2499 Jacob.

53 2596 70 2652 ί
119 2519 219 2596 Kylie.
267 2521 337 2578 Lux
364 2528 395 2580 et
416 2523 506 2599 origo.
557 2522 597 2580 El
621 2523 735 2580 <licetur
761 2523 895 2580 calcaribus
919 2521 1085 2580 Dominicis
1109 2541 1200 2596 usqam
1225 2520 1265 2578 ad

29 2622 51 2649 «-
80 2620 264 2660 acellsronella.

118 2695 234 2847 ἓξὲξ,
249 2795 425 2852 quaesumus,
444 2775 631 2852 omnipotens
652 2776 743 2849 Deus,
758 2783 794 2834 ut
813 2777 867 2853 qui
887 2776 1042 2834 Paschalia
1061 2775 1137 2833 festa
1154 2775 1264 2852 peregi-

25 2864 132 2926 mus,
144 2856 213 2928 llaec,
228 2866 259 2914 te
273 2857 426 2934 largiente,
442 2858 573 2914 moribus
586 2866 617 2915 et
631 2859 694 2915 vita
708 2865 869 2916 teneamus.
913 2857 973 2916 Pel·
986 2856 1161 2915 Dominum.

120 2959 209 3018 Lecta
222 2960 363 3036 Epistola
377 2961 451 3018 beati
464 2960 614 3019 Jolluunis
627 2960 758 3038 Apostoli
774 2963 809 3038 (l
827 2983 851 3019 a.
870 2962 968 3038 4-10).

121 3041 283 3101 carissimi:
307 3045 403 3102 Omne
416 3042 495 3120 quod
508 3050 615 3101 natum
628 3050 673 3100 est
686 3064 724 3102 ex
747 3044 821 3112 Deo,
837 3044 933 3100 vineit
954 3041 1101 3099 mundum
1115 3059 1205 3115 usqae
1219 3040 1261 3097 ad

29 3111 122 3181 Qui
133 3124 220 3182 credit
235 3125 267 3182 in
281 3123 393 3182 Filium
407 3125 466 3183 Dei
479 3123 570 3182 habet
584 3125 789 3182 testimonium
804 3124 862 3182 Dei
875 3125 908 3180 in
923 3143 960 3181 se.

35 3271 82 3327 d·
122 3204 262 3294 alleluya.
315 3206 341 3263 l'.
365 3206 438 3263 Post
457 3205 521 3298 dies
539 3212 616 3299 octo,
635 3207 736 3282 januis
757 3207 872 3298 clausis,
894 3205 980 3263 stetit
999 3204 1021 3262 J
1023 3223 1090 3261 esus
1109 3203 1143 3260 in
1163 3201 1262 3260 medio

71 3286 860 3444 lscppullffipasuoppmAsgteplglgegaffiil'gxdzgpgsgdst
883 3368 920 3425 de
946 3366 1039 3425 ezelo:
1069 3372 1101 3424 et
1122 3365 1263 3424 accedam

42 3444 182 3505 revolvit
194 3448 331 3526 lapidem,
346 3455 377 3506 et
390 3449 510 3507 sedebat
523 3468 612 3526 super
625 3468 702 3507 eum.

125 3540 190 3604 *Per
200 3547 410 3606 Ιιιόἅοηιαᾶαπι
423 3547 537 3604 dicetur
546 3570 556 3606 :

125 3622 258 3704 dlleluya.
309 3628 338 3686 V.
362 3627 556 3705 Respondeas
573 3633 674 3685 autem
691 3627 814 3704 angelus
832 3627 912 3685 dixit
936 3625 1128 3685 mulieribus:
1164 3624 1260 3694 Quem

55 3706 208 3842 (ὶῑῑῑθτςὶῐίεἳ
231 3709 297 3767 Illae
310 3716 412 3767 autem
425 3710 569 3767 dixemnt
576 3729 586 3782 3
606 3709 628 3767 J
630 3729 713 3767 esum
727 3709 926 3767 Nazarenum.

129 3791 278 3863 laquearia.

63 3849 174 3925 Laullas
185 3870 332 3929 Salvatori
344 3891 416 3930 voce
428 3869 616 3928 modulemur
630 3871 766 3948 supplici,

66 3929 112 3993 El
122 3944 222 4032 devotis
234 3952 369 4010 melodiis
382 3952 491 4011 caelesti
506 3952 636 4010 Domino
646 3951 809 4026 jubilemus
823 3951 942 4009 Messias
955 3971 961 4007 :

71 4012 130 4119 Q'ul
139 4029 254 4107 seipsum
266 4033 444 4105 exinanivit,
460 4040 494 4091 ut
508 4053 562 4090 nos
576 4034 706 4110 perditos
720 4033 861 4091 liberaret
874 4032 1015 4089 homines.

75 4091 158 4165 Lam,
168 4113 287 4189 gloriam
300 4114 432 4173 Deitatis
444 4114 591 4186 occulens,

77 4168 172 4248 Penni,
189 4195 300 4273 tegitur
319 4196 353 4253 in
374 4195 507 4273 praesepi,
532 4195 674 4254 miserans
697 4195 838 4273 praecepti
861 4200 1116 4272 transgressorem,
1141 4187 1261 4266 pulsum

146 4275 240 4351 labie,
252 4276 384 4355 paradisi
397 4276 553 4335 nudulum.

416 4412 430 4439 ⁸
446 4411 499 4458 MS.
510 4411 583 4460 omits
592 4411 642 4460 this
652 4412 729 4459 Verso
739 4411 787 4458 and
797 4410 896 4458 Rubrio.
