2804 4920
413 330 519 397 Hobd.
541 330 597 397 iii.
626 329 904 416 andropeeimo.

530 547 632 606 Fnars
653 548 790 618 Quaere

118 643 260 720 Officium.

116 726 182 803 Ego
203 732 303 783 autem
324 724 356 781 in
380 724 510 782 Domino
530 724 663 800 speravi:
692 722 842 796 exultabo,
858 729 889 781 et
902 722 1026 781 laetabor
1039 723 1069 781 in
1085 730 1139 782 tua
1151 724 1265 782 miseri·

43 807 163 874 cordia,
178 807 317 884 quoniam
330 806 488 884 respexisti
499 804 700 863 humilitatem
714 823 819 862 meam.

117 887 264 946 Psalmus.

117 967 156 1024 In
170 976 210 1041 te,
227 968 364 1042 Domine,
378 967 503 1046 speravi,
518 986 579 1025 non
597 966 760 1024 confundar
776 966 810 1023 in
827 972 992 1024 eternum:
1020 967 1053 1024 in
1070 968 1190 1044 justitia
1212 973 1265 1027 tus

47 1049 151 1106 libera
170 1069 226 1107 me.

120 1129 230 1188 Oratio.

119 1210 233 1268 Praesta
253 1211 348 1283 nobis,
368 1229 543 1287 quaesumus,
558 1209 696 1281 Domine,
719 1214 754 1266 ut
775 1207 953 1266 salutaribus
970 1209 1094 1285 jejuniis
1115 1210 1226 1268 eruditi
1247 1231 1266 1269 a

53 1292 157 1349 noxiis
178 1311 295 1368 quoque
312 1292 395 1349 vitiis
413 1291 604 1364 abstinentes,
628 1290 869 1367 propitiationem
890 1297 975 1348 tuam
996 1290 1110 1348 facilius
1132 1292 1267 1369 impetre-

54 1392 132 1430 mus
176 1373 234 1430 Per
248 1373 418 1430 Dominum.

118 1471 215 1528 Lectio
229 1471 298 1528 lieri
310 1471 408 1528 Exodi
420 1470 483 1545 (aa
503 1470 618 1548 1224)

119 1551 196 1609 Haec
218 1552 291 1610 dicit
313 1551 460 1609 Dominus
482 1553 587 1624 Deus;
617 1551 742 1608 Honora
764 1556 879 1627 patrem
897 1557 984 1608 tuum
1001 1557 1031 1608 et
1044 1557 1168 1609 matrem
1183 1558 1266 1610 tuam

58 1653 148 1708 aspare
169 1634 210 1690 od
231 1633 338 1691 Altare
351 1633 388 1690 de
401 1639 481 1691 terra
494 1633 607 1690 facietis
621 1631 703 1702 mihi,
719 1637 750 1689 et
764 1632 892 1689 offeretis
905 1651 993 1708 super
1006 1651 1039 1689 eo
1053 1632 1223 1691 holocausta
1236 1639 1267 1692 et

59 1714 179 1790 pacifica
192 1721 298 1786 vestra,
315 1720 346 1771 et
359 1734 428 1772 oves
440 1720 554 1771 vestras
575 1719 606 1770 et
627 1713 716 1770 boves
738 1713 771 1768 in
793 1712 875 1769 omni
896 1711 969 1785 loco,
992 1713 1024 1770 in
1047 1731 1106 1788 quo
1124 1715 1266 1772 memoria

60 1795 150 1853 fuerit
164 1796 294 1853 nominis
307 1795 374 1855 mei.

121 1890 257 1949 Grodole.

119 1972 264 2029 Miserere
278 1972 360 2042 mihi,
376 1971 521 2029 Domine:
542 1971 682 2047 quonism
696 1970 831 2027 infirmus
845 1989 920 2043 sum,
934 1989 1006 2027 sana
1019 1989 1074 2042 me,
1090 1971 1226 2030 Domine.

70 2052 98 2110 V.
122 2052 310 2110 conturbata
323 2059 395 2110 sunt
408 2053 508 2109 omnia
521 2071 586 2109 ossa
599 2070 664 2109 mea
678 2072 685 2109 :
709 2058 740 2109 et
753 2052 854 2109 anima
866 2071 933 2109 mea
945 2050 1066 2109 turbata
1078 2058 1124 2110 est·
1137 2053 1231 2112 valde.

121 2134 253 2192 Tractus
296 2134 343 2191 De
355 2134 587 2192 necessitatibus.

120 2214 322 2290 Eoouqeliuoa
365 2214 533 2272 Secundum
546 2214 721 2271 Mamercum
734 2213 795 2291 (xo.
815 2213 909 2291 1-20)

121 2296 160 2353 In
176 2296 231 2353 illo
248 2303 388 2372 tempore,
407 2296 605 2352 Accesserant
625 2295 661 2352 sd
687 2295 709 2353 J
710 2314 793 2353 esum
814 2295 852 2351 ab
876 2294 1093 2371 Hierosolymis
1113 2297 1215 2355 scribae
1238 2303 1268 2355 et

69 2374 212 2449 Pharisaei,
239 2377 390 2450 dicentes,
425 2376 524 2446 Quare
550 2376 687 2453 discipuli
720 2377 767 2434 tui
801 2376 1059 2453 transgrediuntur
1092 2378 1268 2436 traditiones

68 2458 232 2516 seniorum?
254 2477 316 2516 non
328 2458 408 2516 enim
422 2458 524 2514 lavant
538 2477 642 2514 manus
659 2477 750 2532 rosque
772 2458 813 2514 od
835 2456 906 2514 Nou
928 2458 997 2515 lotis
1014 2464 1114 2516 autem
1131 2461 1268 2518 manibus

69 2539 247 2612 manducare,
262 2558 324 2597 non
336 2539 510 2615 coinquinat
522 2538 680 2596 hominem

125 2637 316 2711 Offertoriuoa

125 2717 260 2790 Domine,
276 2719 321 2776 fac
335 2738 449 2776 meeum
463 2715 693 2775 misericordiam
708 2722 791 2773 tuam
805 2721 926 2794 propter
938 2735 1048 2774 nomen
1061 2723 1148 2775 tuum
1162 2739 1169 2776 :
1198 2719 1269 2796 quia

75 2799 162 2857 suavis
174 2807 220 2858 est
233 2799 434 2858 misericordia
447 2806 507 2858 tua.

127 2897 253 3057 im,
284 2999 459 3056 quaesumus,
486 2978 623 3049 Domine,
647 2995 746 3053 preces
773 2975 875 3053 populi
902 2976 949 3033 tui
976 2996 1044 3033 cum
1071 2976 1270 3037 oblationibus

10 3138 13 3143 Ι
80 3051 246 3120 hostiarum:
284 3067 315 3119 et
341 3067 394 3119 tua
420 3060 561 3136 mysteria
594 3058 782 3130 celebrantes,
819 3058 857 3114 ab
890 3058 1027 3116 omnibus
1060 3078 1114 3116 nos
1147 3059 1271 3119 defende

83 3140 207 3208 puseus
262 3141 322 3200 Per
342 3141 512 3200 Dominum.

130 3237 310 3380 §pagam
323 3319 419 3378 fecisti
432 3320 495 3378 vias
507 3320 599 3379 vitoe:
627 3319 802 3398 adimplebis
823 3339 871 3377 me
888 3319 994 3377 laetitia
1012 3339 1079 3378 cum
1099 3320 1187 3379 vultu
1207 3328 1270 3394 tuo,

19 3398 22 3403 ’
88 3389 198 3462 Domine

133 3499 367 3558 Postoommunio.

10 3597 23 3648 -g
132 3578 296 3639 Sanctificet
309 3600 371 3649 nos,
387 3599 562 3656 quaesumus,
579 3580 717 3651 Domine,
726 3599 785 3656 qua
799 3579 877 3656 pasti
892 3599 1001 3647 sumus,
1015 3599 1118 3638 mensa
1131 3580 1271 3654 caelestis3

12 3694 26 3730 s,
92 3657 252 3787 {tacunctis
266 3662 416 3720 erroribus
430 3661 572 3739 expiatos,
588 3661 722 3737 supernis
742 3661 986 3736 promissionibus
1005 3661 1110 3719 reddat
1129 3674 1269 3739 acceptos.

112 3753 135 3794 er
151 3741 318 3801 Dominum

137 3838 220 3916 Super
235 3840 389 3918 populum.

10 3938 34 3971 a:
140 3917 268 3994 Concede,
298 3940 474 3999 quaesumus,
503 3920 689 3997 omnipotens
720 3919 811 3992 Deus,
840 3925 876 3977 ut
903 3920 955 3996 qui
988 3921 1178 3997 protectionis
1212 3929 1273 3980 tuoe

10 3974 39 4059 a
99 3998 193 4136 {dign
206 4003 375 4079 quaerimus,
390 4002 509 4060 liberati
522 4022 541 4059 a
554 4001 639 4060 malis
653 4002 790 4059 omnibus
803 4020 906 4059 secura
918 4002 975 4059 tibi
990 4009 1088 4061 mente
1101 4004 1270 4061 serviamus

119 4092 143 4131 tr
176 4086 312 4143 ominum.

544 4219 643 4277 Ferus
664 4219 794 4289 Qumrs.

10 4410 51 4471 ῥ’
149 4309 339 4479 mv&
360 4417 414 4476 ego
436 4416 511 4469 sum,
535 4397 608 4456 dicit
630 4398 797 4456 Dominus:
829 4397 865 4456 de
887 4416 1061 4475 quacunque
1082 4398 1275 4462 tribulatione

109 4460 262 4539 clamaverint
273 4481 312 4541 ad
325 4499 382 4554 me,
397 4479 554 4538 exaudiam
568 4499 625 4553 eos,
640 4486 672 4538 et
685 4499 735 4538 ero
749 4479 868 4537 illorum
883 4479 1029 4539 Dominus
1043 4481 1073 4538 in
1089 4498 1280 4560 perpetuum.
