2804 4920
169 334 230 402 170
521 333 625 399 Fam
645 355 672 399 v.
691 339 767 419 post
788 333 1010 400 Pentecosten.

225 499 329 559 Credo.

226 580 416 655 Offertortmn.
459 582 499 638 In
519 581 567 639 die
586 581 793 640 sollemnitatis
812 580 938 640 vestrm*
958 581 1031 640 dicit
1049 581 1208 657 Dominus,
1229 582 1370 641 inducam

164 681 216 718 vos
229 663 262 718 in
275 668 385 720 terram
398 662 537 720 fluentem
551 662 596 720 loc
610 669 641 720 et
654 662 721 735 mel,
735 661 871 739 alleluya.

223 742 342 802 Secreta.
385 743 504 820 Accipe,
526 763 702 820 quesumus,
723 743 860 817 Domine,
879 763 988 801 munus
1008 744 1141 803 oblatum
1161 752 1193 803 et
1210 745 1370 822 dignanter

162 843 291 899 operere,
317 831 353 883 ut
379 824 458 901 quod
485 825 632 901 mysteriis
659 825 782 902 egimus,
806 826 864 902 piis
890 825 1044 883 effectibus
1067 825 1257 884 celebremus
1312 825 1370 883 Per

165 904 335 962 Dominum.

182 1163 203 1221 ss
221 1002 450 1222 liionisswinuiitm
473 1084 511 1142 do
534 1085 626 1154 vobis,
649 1083 795 1162 alleluya:
825 1104 926 1162 pacem
950 1085 1086 1163 relinquo
1109 1086 1204 1158 vobis,
1228 1085 1365 1162 alleluya,

164 1186 181 1221 u
205 1184 297 1241 euys„

224 1260 441 1319 Postcommuu‘
458 1305 464 1319 .

223 1342 386 1414 sumentes,
400 1281 537 1416 Diimine,
549 1340 676 1400 oaelestia
686 1347 875 1416 sacramenta,
887 1362 1055 1419 quesumus
1068 1342 1256 1403 clementiam
1271 1350 1363 1414 tucm;

162 1430 197 1560 pp
224 1423 302 1516 qpod
333 1423 535 1500 temporaliter
565 1425 701 1502 gerimus,
733 1424 851 1481 aeternis
882 1424 998 1501 gaudiis
1029 1443 1252 1503 consequemur.
1308 1424 1364 1482 Per

195 1523 334 1561 smmum.

635 1638 735 1697 Ferus
756 1640 886 1711 Qururu

224 1761 363 1837 Officium.
407 1762 536 1839 Spiritus
550 1761 680 1819 Domini

224 1843 328 1921 Kyrie.
371 1843 460 1902 Orbis
473 1844 573 1902 scotor.

226 1939 334 2000 Oratio.

223 2018 342 2079 Montes
365 2026 488 2094 nostres,
511 2040 686 2097 quaesumuS,
713 2019 850 2092 Domine,
873 2018 1039 2077 Peruolitus
1062 2017 1116 2095 qui
1138 2038 1157 2076 s
1180 2023 1211 2076 te
1235 2016 1357 2094 procedit

162 2100 321 2173 illuminet,
342 2108 374 2160 et
391 2102 513 2160 inducet
532 2103 565 2159 in
580 2120 707 2171 omnem,
733 2101 809 2158 sicut
830 2107 901 2158 tuus
920 2100 1057 2177 promisit
1073 2098 1179 2170 Filius,
1200 2099 1354 2156 veritatem.

163 2182 224 2251 Qui
236 2189 335 2240 tecum
348 2183 426 2240 vivit
439 2188 470 2241 et
483 2188 593 2259 regnet.
637 2181 677 2238 In
689 2181 806 2240 unitate
819 2181 958 2258 ejusdem.

224 2282 318 2340 Lectio
330 2281 460 2340 Actorum
473 2281 675 2358 Apostohrum
691 2281 771 2357 (ciii
789 2280 868 2355 5-8).
1136 2300 1139 2309 ·

224 2363 263 2419 In
276 2362 378 2420 diebus
392 2363 467 2429 illus,
483 2362 638 2439 Philippus
658 2361 835 2419 descendens
848 2361 880 2417 in
894 2361 1045 2418 civitatem
1067 2357 1207 2418 Semariae
1220 2376 1307 2435 usqroe
1318 2358 1394 2423 m!

162 2443 303 2518 goudium
317 2463 457 2521 magnum
470 2443 503 2500 in
515 2443 568 2500 illa
580 2443 709 2501 civitate.

223 2523 371 2602 Alleluys„
423 2525 450 2581 Γ.
473 2524 593 2581 Emitte.

224 2605 372 2682 Alleluye„
403 2605 452 2665 l·'.†
473 2605 581 2662 Factus
595 2612 639 2662 est
657 2610 778 2680 repente
793 2603 829 2661 de
847 2601 917 2660 oaelo
935 2620 1024 2660 sonus
1041 2601 1225 2661 advenientis
1243 2600 1394 2678 spiritm

163 2687 351 2744 vehementis.

223 2783 385 2858 Sequentia.

524 2861 613 2933 Veni,
628 2861 734 2919 Sancte
749 2860 886 2937 Spiritus,

524 2943 565 2999 Et
579 2942 681 2999 emitte
695 2942 808 2999 eaelitus

564 3024 652 3080 Lucis
666 3030 724 3080 tuae
739 3023 862 3079 rudium.

523 3105 614 3176 Veni,
629 3111 714 3181 puter
726 3123 888 3180 pauperum
899 3124 908 3176 ;

523 3186 612 3256 Veni,
628 3187 714 3242 dator
728 3204 903 3256 munerum,

563 3267 652 3338 Veni,
667 3266 767 3323 lumen
781 3266 920 3322 cordium.

524 3347 699 3404 Consolator
711 3347 830 3424 optime,

524 3428 627 3484 Dulcis
640 3427 745 3503 hospes
758 3428 873 3500 anime,

563 3508 658 3565 Dulce
672 3508 873 3584 refrigerium:

523 3591 562 3647 In
576 3590 675 3647 labore
690 3589 813 3665 requies,

522 3672 561 3728 In
575 3677 648 3728 aestu
663 3670 826 3747 temperies,

562 3752 602 3808 in
615 3753 697 3809 luctu
712 3751 857 3808 solatium.

523 3833 548 3889 Ο
562 3833 617 3889 lux
630 3833 806 3903 beatissima,

522 3914 616 3989 Reple
629 3914 723 3971 cordis
737 3912 845 3969 intimo

561 3994 691 4051 Tuorum
705 3993 845 4051 fidelium.

523 4075 592 4133 Sine
605 4081 658 4131 tuo
672 4074 793 4132 numine

520 4155 607 4213 Nihil
621 4155 710 4213 estin
724 4155 844 4227 lumine,

562 4236 648 4293 Nihil
663 4243 707 4294 est
720 4236 886 4293 innoxium.

219 4370 230 4392 θ
281 4373 285 4385 ’
357 4384 362 4401 s

217 4370 515 4487 †i11i3⁴.T-Iiiaei‘srcolitus
531 4424 637 4485 Spiritus
649 4423 840 4482 Sanctus‚quem
857 4422 936 4469 mittet
953 4421 1026 4467 Potor
1041 4420 1067 4465 in
1082 4418 1176 4466 nominc
1191 4400 1345 4472 mium

157 4486 357 4548 docebit-omnem
368 4486 500 4533 veritatem.
