2804 4920
415 347 520 415 Faria
532 347 577 415 ci.
592 347 636 414 in
649 347 705 415 die
718 349 924 417 Parascerca
1038 306 1045 320 ·
1230 360 1274 424 93

119 598 324 676 Omnipotens
335 596 513 674 sempiterne
526 597 618 669 Deus,
633 598 686 675 qui
700 598 861 656 Ecclesiam
875 605 959 657 tuam
973 619 1052 659 nova
1063 621 1179 679 semper
1190 603 1273 681 prole

52 680 226 753 fecundas3
256 698 333 756 auge
353 678 444 737 tidem
461 686 493 736 et
513 678 699 737 intellectum
721 678 947 738 catechumenis
959 682 1088 740 nostris:
1118 693 1155 741 ut
1175 687 1273 744 renati

53 760 366 901 fontgrzaptismatis,
380 759 548 837 adoptionis
561 766 621 818 tuse
634 760 705 818 filiis
717 768 921 838 aggregentur.
964 762 1023 820 Per
1036 763 1209 825 Dominum

200 863 238 900 ιο.

121 923 261 995 Oramus,
274 920 459 980 dilectissimi
479 921 571 992 nobis,
587 921 687 980 Deum
708 920 828 980 Patrem
848 923 1090 1000 omnipotentem,
1105 933 1142 984 ut
1158 929 1273 986 cunctis

56 1005 208 1064 mundum
229 1010 338 1081 purget
357 1002 514 1074 erroribus,
528 1003 646 1061 morbos
665 1002 789 1074 auferat,
804 1003 912 1061 famem
931 1005 1065 1081 repellat,
1079 1008 1193 1084 aperiat
1212 1029 1272 1067 cur-

57 1106 148 1160 oeres,
159 1084 282 1143 vincula
290 1083 432 1142 dissolvat
437 1103 447 1156 ;
462 1084 718 1160 peregrinantibus
726 1085 864 1155 reditum,
874 1085 1093 1146 infirmantibus
1103 1090 1271 1163 sanitatem,

57 1166 276 1245 navigantibus
287 1170 409 1242 portum
422 1164 527 1222 salutis
539 1164 700 1242 indulgeat

121 1248 259 1307 Oramus
301 1245 470 1305 Flectamus
482 1264 587 1323 genua
629 1245 750 1304 levate

122 1328 236 1388 Oratio.

119 1409 321 1488 Omnipotens
347 1407 526 1485 sempiterne
556 1407 648 1480 Deus,
676 1413 846 1466 maerorum
872 1409 1042 1482 consolatio,
1070 1411 1270 1473 laborantium

56 1491 207 1550 fortitudo
212 1512 223 1564 3
243 1490 418 1568 perveniant
428 1488 467 1547 ad
479 1495 510 1546 te
520 1508 619 1566 preces
629 1489 665 1547 de
674 1508 850 1566 quacunque
860 1489 1054 1549 tribulatione
1067 1492 1268 1568 clamantium,

56 1579 94 1631 ut
107 1592 211 1631 omnes
224 1571 282 1630 sibi
295 1571 328 1629 in
338 1570 562 1629 neoessitatibus
570 1569 632 1628 suris
641 1568 872 1630 misericordiam
884 1577 968 1630 tuam
980 1573 1131 1651 gaudeant
1142 1575 1268 1635 affuisse

56 1654 119 1712 Per
132 1654 309 1712 Dominum.

121 1734 236 1794 Oratw.

119 1816 250 1875 Oremus
262 1820 294 1873 et
306 1833 361 1891 pro
374 1812 534 1872 Haereticis
546 1819 578 1872 et
596 1812 805 1885 schismaticis,
818 1818 855 1870 ut
868 1812 951 1872 Deus
963 1821 995 1873 et
1009 1815 1156 1876 Dominus
1169 1825 1271 1878 noster

56 1897 79 1956 J
79 1917 148 1956 esus
163 1896 304 1956 Christus
316 1901 403 1953 eruat
423 1913 473 1952 eos
492 1895 530 1953 ab
550 1895 698 1953 erroribus
711 1894 858 1952 universis
871 1915 879 1953 :
899 1895 983 1953 etad
995 1904 1129 1956 sanctam
1141 1907 1268 1959 matrem

57 1978 224 2037 helesium
238 1976 423 2036 Oatbolioam
436 1982 526 2053 atque
538 1975 744 2053 Apostolicam
757 1994 894 2034 revocure
907 1976 1053 2055 dignetur.

120 2059 256 2118 Oremus.
299 2057 468 2116 Flectamus
480 2076 583 2134 genua
626 2056 745 2115 Ievate.

121 2140 233 2200 Oratio.

119 2221 319 2298 Omnipotens
331 2220 509 2296 sempiterne
523 2218 613 2291 Deus,
628 2219 681 2295 qui
694 2218 790 2277 salvas
800 2238 902 2277 omnes
915 2220 1060 2295 homines,
1074 2228 1106 2280 ct
1119 2223 1267 2284 nemiuem

56 2304 104 2361 ris
130 2304 228 2380 perire
241 2320 251 2374 ;
287 2302 399 2378 respice
425 2300 464 2359 ad
489 2300 603 2358 animas
629 2299 775 2358 diabolica
801 2300 905 2359 fraude
932 2301 1069 2379 deceptas
1080 2323 1089 2376 3
1123 2311 1160 2362 ut
1186 2308 1268 2364 omni

55 2384 198 2442 haeretica
217 2382 367 2460 pravitate
386 2381 527 2458 deposita,
542 2381 707 2439 errantium
721 2381 810 2439 corda
827 2382 1009 2461 resipiscunt,
1026 2391 1057 2442 et
1076 2385 1115 2443 ad
1134 2388 1268 2446 veritatis

56 2473 118 2526 tum
138 2464 264 2524 redeant
282 2463 437 2522 unitatem.
488 2462 548 2520 Per
569 2461 741 2520 Dominum

120 2544 231 2604 Oratio.

118 2627 247 2686 Oramus
261 2631 293 2684 et
312 2644 367 2701 pro
383 2624 503 2702 perfidis
515 2623 538 2683 J
538 2624 649 2696 udaeis3
677 2631 713 2681 ut
734 2624 817 2682 Deus
829 2631 860 2683 et
881 2625 1028 2684 Dominus
1041 2634 1142 2685 noster
1154 2629 1268 2688 auferat

55 2708 194 2767 velamen
207 2707 244 2766 de
258 2706 395 2764 cordibus
415 2725 525 2778 eorum,
544 2711 580 2764 ut
592 2713 623 2764 ct
636 2706 694 2782 ipsi
706 2713 867 2782 agnoscant
879 2707 902 2765 J
903 2727 985 2766 esum
1000 2707 1153 2767 Ohristum
1166 2710 1268 2769 Domi·

56 2811 130 2848 num
152 2796 297 2847 nostrum.

118 2871 255 2930 Oremus.
298 2867 370 2927 Non
382 2867 494 2927 dicitur
506 2866 553 2925 laic
567 2867 736 2926 Flectamus
749 2887 852 2944 genua

119 2951 231 3011 Oratio.

117 3032 318 3109 Omnipotens
338 3030 516 3106 sempiterne
537 3030 627 3103 Deus,
643 3031 695 3108 qui
719 3030 810 3089 etiam
831 3029 990 3088 Judaicam
1011 3031 1165 3108 perfidiam
1178 3053 1197 3091 a
1214 3040 1268 3093 tua

54 3114 259 3172 misericordia
271 3131 333 3169 non
346 3111 463 3188 repellis
472 3131 481 3183 3
509 3111 618 3169 exaudi
640 3131 738 3188 preces
751 3118 876 3182 nostras,
892 3131 965 3188 quas
987 3132 1040 3189 pro
1063 3114 1143 3171 illius
1164 3117 1267 3192 populi

54 3196 254 3254 obcaecatione
270 3192 437 3266 deferimus,
458 3198 494 3250 ut
511 3193 614 3270 agnita
626 3193 761 3250 veritatis
778 3199 838 3251 tuse
856 3191 929 3266 luce,
945 3213 1010 3270 quse
1030 3193 1168 3254 Ohristus
1180 3204 1234 3272 est,
1249 3219 1267 3256 a

55 3279 117 3336 suis
130 3275 265 3335 tenebris
277 3282 429 3333 eruantur.
472 3273 530 3332 Per
543 3273 676 3332 eundem

118 3357 231 3417 Oratio.

117 3439 247 3498 Oramus
260 3442 291 3495 et
304 3455 358 3513 pro
372 3434 518 3513 Paganis3
546 3442 582 3492 ut
599 3435 682 3494 Deus
695 3435 880 3512 omnipotens
893 3435 1009 3495 auferat
1026 3437 1217 3515 iniquitatem
1230 3441 1266 3500 de

55 3521 195 3580 cordibus
213 3538 332 3589 eorum;
355 3522 390 3574 ut
403 3517 513 3574 relictis
528 3517 614 3575 idolis
631 3518 701 3587 suis,
717 3523 930 3575 convertantur
947 3518 984 3576 ad
999 3518 1098 3577 Deum
1117 3521 1221 3579 vivum
1235 3530 1266 3580 ct

55 3621 170 3673 vorum,
197 3607 228 3658 et
249 3600 372 3658 unicum
398 3597 511 3656 Filium
534 3599 597 3674 ejus
623 3597 729 3656 Jesum
751 3598 903 3656 Christum
928 3598 1026 3656 Deum
1048 3606 1079 3657 et
1102 3600 1265 3662 Dominum

54 3691 202 3742 nostrum.
255 3681 332 3739 Cum
356 3699 415 3756 quo
439 3680 517 3738 vivit
539 3687 570 3738 et
591 3686 696 3757 regnat
717 3698 785 3738 cum
807 3678 923 3757 Spiritu
940 3679 1049 3741 Sancto
1068 3680 1157 3740 Deus
1207 3685 1266 3744 Por·

53 3765 157 3824 omnia
170 3763 279 3821 secula
292 3762 475 3820 seculorum.

116 3845 254 3904 Oremus
297 3842 466 3901 Flectamus
478 3860 582 3919 genua.
624 3840 744 3900 Ievate.

118 3927 232 3986 Oratio.

115 4006 315 4083 Omnipotens
336 4004 513 4081 sempiterne
536 4004 626 4076 Deus,
641 4004 693 4080 qui
715 4021 776 4061 non
797 4003 843 4060 vis
862 4008 986 4061 mortem
1004 4009 1200 4080 peccatorum,
1215 4007 1264 4065 scd

52 4091 151 4147 vitam
172 4106 288 4164 semper
307 4085 443 4164 inquiris,
460 4086 573 4162 suscipe
591 4086 737 4163 propitius
754 4086 917 4142 orationem
938 4091 1093 4157 nostram3
1120 4093 1152 4143 et
1172 4087 1265 4145 libera

51 4191 104 4230 eos
124 4169 164 4227 ab
184 4168 331 4227 idolorum
355 4166 480 4237 cultura,
498 4173 530 4224 et
550 4187 676 4244 aggrega
692 4165 832 4225 Ecclesiae
845 4172 908 4225 tum
921 4173 1032 4225 sanctoe
1046 4166 1083 4224 ad
1103 4166 1221 4224 laudam
1235 4177 1265 4226 et

51 4251 184 4330 gloriam
199 4249 328 4308 nominis
340 4247 395 4307 tui.
439 4247 499 4306 Per
513 4247 684 4306 Dominum.

114 4332 188 4390 Post
202 4330 355 4390 Oratimaes
367 4331 428 4388 duo
441 4329 605 4399 Presbitcri,
616 4329 699 4386 Auris
712 4338 738 4386 ct
750 4328 869 4388 casulis
881 4327 978 4386 rubeta
991 4327 1125 4399 revestiti,
1142 4327 1264 4388 Crucem

49 4412 181 4472 celatam
201 4421 363 4482 assmmat,
378 4419 528 4471 camales
547 4410 599 4470 llos
618 4410 720 4470 Versus
732 4409 824 4486 juata
840 4410 950 4482 Altare,
968 4407 1056 4467 vesu
1077 4408 1204 4470 vultibus
1224 4414 1265 4470 ad

45 4493 210 4573 popadum,
223 4491 276 4553 hoc
288 4494 381 4552 modo.
