2804 4920
427 366 532 433 Hebd.
548 366 594 434 iu
612 367 891 454 Quadrupesimoe.

526 585 625 644 Fnum
646 586 783 656 Quum

115 687 258 763 Officium.

114 768 197 828 Dum
210 769 411 827 sanctificatus
424 769 508 828 fuero
521 769 553 827 in
567 771 661 843 vobis,
680 771 861 848 congregabo
879 790 931 829 vos
946 770 982 828 de
996 768 1141 827 universis
1154 769 1256 828 terris:

47 857 82 908 et
106 850 257 908 effundam
275 870 363 927 super
384 870 437 908 vos
460 870 568 927 uquam
586 851 745 909 mundam:
773 860 804 909 et
825 851 1041 909 mundabimini
1063 852 1101 924 ab
1121 851 1256 908 omnibus

49 931 288 1008 inquinamentis
301 931 416 1003 vestris,
432 936 462 989 et
476 932 552 990 dubo
565 932 649 989 vobis
663 932 801 1009 spiritum
814 951 933 990 novum.

116 1012 262 1070 Peabnus.

116 1092 294 1151 Benedicam
308 1092 472 1151 Dominum
486 1093 614 1151 inomni
628 1100 777 1170 tempore:
792 1113 905 1171 semper
918 1093 982 1152 laus
996 1094 1059 1170 ejus
1072 1093 1105 1150 in
1119 1112 1168 1151 ore
1182 1112 1254 1151 meo.

115 1172 252 1249 Sequitur
266 1174 367 1232 Oratio
381 1174 443 1233 siue
457 1174 605 1232 Dominus
619 1175 777 1247 uobiscum,
793 1176 842 1233 aed
863 1184 979 1232 tamum
995 1194 1061 1232 cum
1082 1175 1216 1246 Oremus,
1231 1183 1257 1232 et

52 1255 225 1313 Fleotamus
237 1274 340 1332 genua.

118 1335 228 1394 Oratio.

116 1416 206 1490 Deus,
222 1416 274 1493 qui
287 1422 318 1475 et
327 1417 418 1493 justis
431 1417 553 1493 praemia
571 1417 754 1489 meritorum,
770 1421 801 1474 et
820 1417 1021 1493 peecatoribus
1040 1436 1093 1493 per
1108 1416 1257 1492 jejunium

53 1498 175 1554 veniam
193 1497 322 1574 praebes:
344 1499 480 1556 miserere
500 1497 681 1574 supplicibus
697 1497 768 1568 tuis,
782 1503 817 1554 ut
834 1505 933 1555 reatus
950 1499 1046 1556 nostri
1058 1497 1200 1556 consessio
1213 1496 1257 1554 in·

51 1578 240 1655 dulgentiam
252 1577 350 1636 valeat
362 1579 512 1655 percipere
525 1577 708 1649 delictorum.
750 1577 809 1636 Per
822 1578 994 1637 Dominum

117 1675 215 1733 Lectio
226 1673 384 1733 Eudeielis
397 1675 545 1750 Prophetae
559 1674 669 1751 (moi.
688 1675 804 1752 2328).

118 1755 194 1813 Haec
207 1755 281 1813 dicit
294 1755 441 1813 Dominus
452 1755 552 1813 Deus:
566 1755 761 1814 sanctificabo
774 1775 882 1814 nomen
896 1776 994 1814 meum
1008 1774 1260 1833 magnumneque

59 2160 93 2219 V.
119 2159 264 2218 Accedite
277 2159 315 2217 ad
329 2179 397 2217 eum
410 2166 441 2217 et
453 2159 683 2217 illuminamini:
699 2165 730 2217 et
742 2158 832 2217 facies
841 2167 947 2218 vestrae
960 2179 1021 2217 non
1034 2158 1262 2217 confundentur.

119 2253 191 2312 Nou
203 2262 351 2329 repetatur
366 2252 500 2324 Crudele,
516 2255 565 2310 sed
578 2262 715 2328 separatur

119 2334 268 2392 Dominus
280 2334 438 2392 vobiscum
480 2334 522 2390 lu
536 2333 704 2391 Flectamus
716 2353 821 2411 genua.

122 2431 234 2489 Oratio.

120 2512 245 2582 Praesta,
268 2530 443 2588 quaesumus,
463 2511 649 2588 omnipotens
667 2511 758 2584 Deus,
779 2517 815 2569 ut
835 2531 908 2589 quos
924 2513 1040 2588 jejunia
1060 2513 1162 2570 votiva
1181 2513 1265 2570 casti-

53 2604 144 2671 gant,
156 2593 223 2670 ipsa
236 2612 353 2670 quoque
363 2593 481 2650 devotio
492 2599 594 2650 sancta
607 2592 745 2664 laetificet,
756 2600 792 2650 ut
804 2593 931 2651 terrenis
944 2594 1099 2651 affectibus
1112 2594 1263 2670 mitigatis,

56 2675 175 2733 facilius
189 2673 318 2732 erelestia
331 2674 488 2750 capiamus.
530 2672 589 2732 Per
602 2673 774 2732 Dominum.

122 2771 218 2829 Lectio
231 2769 332 2827 Esua'oe
346 2770 495 2847 Proplretoe
508 2769 544 2846 (i.
562 2771 675 2849 16-19).

121 2852 197 2909 Hoec
225 2851 298 2909 dicit
325 2850 471 2909 Dominus
497 2851 588 2922 Deus,
616 2851 781 2924 Lavamini,
807 2850 911 2908 mundi
938 2857 1031 2909 estote
1054 2870 1144 2926 araque
1165 2850 1206 2907 ud
1232 2849 1275 2908 si*

60 2933 224 3005 volueritis,
254 2936 286 2990 et
312 2931 466 2990 audieritis
492 2952 548 3004 me,
577 2934 655 2991 bona
686 2939 771 2990 terrae
803 2931 971 3005 comedetis,
1009 2931 1083 2989 dicit
1118 2931 1266 2988 Dominus

61 3015 257 3090 omnipotens.

124 3109 261 3168 Gradale.

124 3191 218 3249 Beata
237 3210 318 3268 gens,
333 3189 417 3267 cujus
436 3197 481 3249 est
501 3190 648 3248 Dominus
669 3190 751 3248 Deus
771 3209 892 3277 eorum:
919 3189 1055 3268 populus,
1071 3207 1161 3266 quem
1179 3188 1269 3267 elegit

70 3271 212 3330 Dominus
226 3273 260 3330 in
273 3272 467 3330 hereditatem
485 3271 549 3329 sibi

78 3351 103 3409 Γ.
126 3352 227 3412 Verbo
249 3345 374 3411 Domini
395 3352 458 3410 coeli
479 3352 590 3410 firmati
612 3358 692 3424 sunt,
714 3358 745 3410 et
766 3352 873 3429 spiritu
894 3352 953 3410 oris
975 3352 1038 3428 ejus
1060 3352 1156 3410 omnis
1169 3351 1267 3409 virtus

75 3451 173 3492 eorum.

129 3515 257 3573 Tractus.
274 3528 280 3543 '
302 3513 348 3571 De
361 3512 592 3572 necessitutibus.

10 3608 12 3613 '
129 3595 293 3654 Secundum
305 3593 641 3671 domomum-38).

131 3675 165 3733 In
178 3675 230 3734 illo
243 3683 385 3752 tempore,
401 3675 577 3733 Praeterieris
590 3674 613 3732 J
614 3695 680 3733 esus
693 3674 772 3732 vidit
791 3674 941 3732 hominem
955 3694 1063 3733 caecum
1075 3694 1094 3746 a
1107 3674 1267 3733 nativitate

88 3771 158 3828 teum
169 3758 209 3814 ud
222 3757 270 3815 At
283 3755 333 3814 ille
346 3756 408 3814 ait:
428 3754 532 3828 Credo,
549 3756 683 3813 Domine.
727 3756 769 3813 Et
781 3756 934 3831 procidens
948 3755 1083 3814 adoravit
1097 3775 1172 3814 eum.

135 3836 323 3911 Offerwrium.

10 3898 20 3957 3'
135 3915 307 3990 Benedicite,
328 3924 438 3995 gentes,
461 3917 623 3976 Dominum
646 3917 744 3975 Deum
767 3923 920 3975 nostrum:
950 3924 982 3976 et
1004 3917 1143 3976 obaudite
1167 3935 1268 3973 vocem

93 3989 166 4055 ludis
178 3999 248 4076 ejus,
264 3999 317 4076 qui
327 3999 426 4076 posuit
435 3999 564 4056 animam
578 4018 673 4056 meam
687 3998 725 4056 ad
741 3997 851 4056 vitam:
872 4004 903 4056 et
917 4017 977 4056 nou
994 3998 1077 4055 dedit
1091 3997 1270 4056 commoveri

10 4135 18 4156 ἱ,
94 4074 160 4143 pedes
170 4099 265 4139 meos:
286 4080 456 4138 benedictus
477 4080 632 4153 Dominus,
648 4080 700 4159 qui
720 4099 781 4137 non
794 4080 907 4137 amovit
925 4078 1160 4157 deprecationem
1174 4096 1269 4134 meam

14 4158 19 4167 '
94 4158 340 4220 etmiurioordiam
355 4180 439 4218 suam
451 4179 470 4218 a
483 4180 537 4218 me.

10 4368 26 4393 ,μ
141 4237 280 4399 dibpiiioes
306 4327 338 4380 te
364 4341 510 4400 rogamus,
531 4322 716 4398 omnipotens
740 4321 831 4394 Deus,
847 4327 883 4378 ut
906 4320 952 4378 his
977 4320 1127 4378 sacrificiis
1152 4326 1271 4396 peccata

13 4398 33 4420 ‘¹
97 4400 175 4487 ”mim
189 4404 384 4476 mundentur3
404 4404 475 4480 qnia
492 4411 565 4461 tunc
581 4402 667 4460 nobis
680 4422 780 4461 reram
798 4401 907 4461 tribuis
925 4409 956 4460 et
974 4402 1082 4460 mentis
1097 4407 1128 4459 et
1142 4401 1270 4479 corporis

97 4483 235 4544 ”mutem
278 4483 337 4543 Per
347 4484 518 4543 Dominum.
