2804 4920
122 339 184 403 268
278 390 290 415 ,
605 337 701 401 Festo
713 336 832 402 «lonii.

112 553 306 613 ’Sancronuu
320 569 490 613 uanrraun
498 554 582 623 Vni,
598 552 749 626 Mensam,
765 569 803 611 rr
816 553 1022 613 (insecutum
1052 551 1137 632 (xvii
1154 552 1220 613 Kal
1232 553 1292 633 lul)

181 684 320 758 Officium.
365 684 464 741 Int1et
478 684 508 740 iu
523 692 689 760 conspectu.

182 766 291 822 (lauatio,

178 844 320 917 Concede,
353 864 528 921 quaesumus,
557 845 742 921 omnipotens
770 844 861 917 Deus,
889 852 925 903 ut
951 851 1122 904 sanctorum
1149 850 1291 922 martyrum

116 930 239 983 tuorum
249 925 316 984 Viti
330 933 361 984 et
377 924 506 984 Modesti
526 933 615 1002 utque
630 925 812 998 crescentiae,
829 945 954 1002 quorum
970 927 1152 985 celebramus
1164 925 1290 999 victorias

117 1007 325 1083 participemus
339 1014 370 1064 et
383 1007 517 1083 praemiis.
561 1006 626 1064 Per.

179 1088 323 1145 Meritoria
336 1090 370 1145 dc
383 1097 483 1146 sarecto
497 1088 645 1163 Edburpo.
690 1087 822 1146 Orat-io*

178 1169 269 1240 Deus,
283 1169 337 1244 qui
349 1170 442 1227 beatae
456 1168 604 1245 Edburgse
617 1168 740 1245 virginis
753 1176 813 1225 tuae
827 1168 957 1226 animam
970 1175 1083 1226 aeterna
1095 1168 1202 1246 gaudia
1219 1168 1291 1226 hodie

118 1247 240 1306 introire
250 1249 363 1320 fecisti3
383 1248 508 1307 concede
521 1249 675 1326 propitius,
688 1255 721 1307 ut
732 1249 816 1324 cujus
826 1249 957 1307 interris
970 1249 1138 1326 indigemus
1151 1249 1287 1326 nrffragiu,

117 1330 181 1404 ejus
194 1330 341 1387 auxilium
354 1330 539 1387 inveniamus
554 1330 586 1387 in
600 1330 677 1388 caelo.
720 1329 787 1388 Per.

178 1410 318 1486 Epistola
361 1410 445 1468 Justi
458 1417 565 1469 autem
756 1406 759 1413 ¹

179 1491 312 1549 Grudole.
356 1491 493 1563 Vindice,
509 1491 645 1549 Domine.

122 1571 151 1629 V.
176 1571 351 1630 Posuerunt.

177 1653 325 1728 Alleluya
374 1652 403 1711 V.
426 1654 510 1711 Justi
524 1653 688 1729 epulentur.

180 1734 377 1808 Euerrpclium.
420 1734 547 1792 Sedente
560 1734 581 1791 J
584 1754 641 1792 esu

178 1814 371 1887 (lffertorium.
414 1815 624 1872 Exsultabunt.

176 1896 296 1953 Secreto.

174 1974 325 2053 Propitius
338 1983 409 2046 esto,
424 1975 561 2046 Domine,
576 1975 838 2053 supplicationibus
859 1976 1023 2045 nostriset
1046 1974 1150 2053 populi
1169 1975 1213 2032 tui
1223 1971 1293 2057 obla·¹

112 2056 246 2114 tionibus
270 2058 463 2134 precibusque
494 2058 645 2132 susceptis,
669 2056 876 2115 intercessione
903 2056 972 2114 Viti
998 2062 1029 2115 et
1060 2055 1188 2114 Modesti
1212 2060 1280 2127 atque

113 2137 297 2209 Crescentiae,
310 2146 412 2196 nostra
425 2138 463 2195 ad
476 2144 508 2196 te
520 2139 607 2196 corda
617 2145 764 2209 converte,
776 2144 812 2194 ut
824 2157 843 2195 a
856 2138 981 2196 terrenis
995 2137 1204 2214 cupiditatibus
1215 2131 1278 2191 liberi

114 2218 151 2274 ad
166 2219 292 2275 caelestia
304 2219 411 2295 gaudia
423 2225 615 2277 transeamus.
659 2219 723 2276 Per.

174 2299 248 2356 Alia
260 2298 401 2358 Socratas

175 2378 298 2436 Hostias
310 2380 375 2452 tibi,
398 2380 534 2452 Domine,
549 2381 661 2438 dicatas
682 2381 775 2438 beatae
792 2379 918 2457 virginis
941 2386 1002 2438 tuae
1024 2378 1171 2456 Ildburgre
1190 2370 1276 2433 meritis

112 2459 257 2537 benignus
278 2480 402 2530 assitme,
420 2468 451 2518 et
473 2462 511 2518 ad
534 2468 708 2537 perpetuum
733 2462 818 2519 nobis
839 2461 939 2519 tribuo
957 2460 1111 2536 pervenire
1131 2457 1274 2517 subsidium

115 2539 180 2598 Per.

175 2622 356 2680 Cortonam.
401 2623 576 2680 Posuerunt.

173 2704 414 2761 Postcorunucnic.

173 2784 316 2841 Salutaris
351 2785 497 2841 alimoniae
535 2784 757 2859 participatione
794 2783 916 2840 refectos
949 2784 1104 2840 beatorum
1142 2788 1272 2853 martyrum

112 2870 231 2921 tuorum
257 2866 325 2922 Viti
348 2873 379 2922 et
404 2865 532 2921 Modesti
559 2872 649 2939 atque
678 2864 853 2922 Crescentiae
880 2883 942 2932 noe,
969 2864 1105 2934 Domine,
1131 2872 1272 2938 quesumus

112 2946 221 3021 ubique
242 2946 409 3003 defensione
430 2946 551 3016 custodi,
568 2964 693 3021 quorum
711 2946 797 3002 hodie
811 2945 934 3002 voluisti
949 2964 1002 3000 nos
1016 2944 1171 3020 temporali
1189 2938 1273 2996 sollen-

111 3027 205 3084 nitate
219 3027 352 3101 gaudere.
396 3026 455 3083 Per
469 3027 639 3083 Dominum.

171 3109 243 3164 Alia
261 3108 519 3183 Postecmmunio.‡

172 3189 341 3245 Sanctificet
365 3208 426 3260 nos,
457 3188 591 3259 Domine,
621 3207 794 3262 (praesumus,
824 3187 870 3242 tui
891 3185 1039 3262 perceptio
1064 3179 1235 3251 sacramenti,
1253 3178 1275 3231 ti

109 3268 277 3324 intercessio
302 3270 393 3326 lraatae
422 3270 545 3345 virginis
573 3277 631 3324 tuae
661 3269 807 3343 Edburgae
835 3267 891 3323 tibi
920 3268 1024 3324 reddat
1048 3275 1186 3342 acceptes.
1233 3257 1276 3315 Per

112 3347 282 3406 Dominum.

190 3514 376 3571 saumones
399 3515 506 3570 uram
529 3531 566 3570 ur
586 3514 929 3584 Juu1rr.s,uanrrnuu.
974 3510 1048 3588 (xvi.
1066 3511 1135 3570 Kal.
1152 3510 1223 3583 lul.)

169 3644 308 3717 Officiis-m
353 3644 533 3720 Sapientiam
550 3651 724 3701 sanctorum.

170 3727 279 3782 Oratio

168 3805 288 3862 Exaudi
301 3826 362 3876 nos,
381 3806 506 3863 Domine
521 3806 603 3862 Deus
618 3811 725 3873 noster,
740 3824 805 3860 curu
821 3810 989 3860 sanctorum
1003 3808 1170 3877 martyrum
1184 3810 1288 3859 tuorum

107 3888 204 3962 Cyriei
219 3895 249 3944 et
270 3888 291 3944 J
294 3887 388 3944 ulittae
412 3887 514 3944 matris
541 3888 603 3962 ejus
621 3886 676 3941 tibi
698 3885 862 3960 patrocinio
887 3883 1105 3959 supplicantes:
1127 3891 1163 3940 ut
1176 3901 1288 3959 (pronun

106 3968 181 4025 festu
195 3966 537 4044 celebramus,possi1nus
551 3968 678 4024 retinere
692 3966 894 4022 eormtantiarn.
939 3964 997 4020 Per
1011 3963 1184 4021 Dominum.

169 4049 282 4123 Epistol
296 4091 307 4108 1.
352 4049 565 4125 Spectaculum.

165 4194 174 4210 ⁴
192 4185 370 4232 MS-Exnudi
391 4199 443 4242 nos,
463 4185 529 4229 Deus
550 4183 662 4228 salutaris
682 4186 770 4239 noster,
788 4186 815 4227 ut
835 4183 897 4227 sicut
917 4181 946 4225 do
963 4181 1039 4225 beaten
1059 4180 1184 4237 Edburgaa
1200 4179 1297 4238 virginis

105 4249 153 4289 tuus
163 4246 292 4290 festivitate
303 4245 441 4302 gandemus,
451 4244 485 4288 ita
494 4244 539 4300 pius
550 4242 684 4286 devotionis
694 4242 831 4286 erudiamur
841 4241 935 4286 affectu.
967 4240 1020 4284 Per.

164 4306 176 4363 †
192 4306 382 4361 MS—Acceptu
397 4304 442 4348 tibi
459 4302 619 4358 sit‚D01nine.
636 4306 735 4346 saeratae
752 4301 829 4357 plebis
847 4300 944 4354 oblatio,
954 4312 998 4355 pro
1013 4303 1111 4343 tuorum
1127 4299 1218 4344 honore
1234 4313 1301 4343 sarcr-

105 4365 191 4421 tmum,
202 4381 208 4405 ‹
220 4378 303 4407 uerum
315 4377 339 4406 se
350 4363 442 4407 meritis
452 4362 586 4431 percepisse
597 4360 626 4403 do
637 4359 791 4404 tribulatione
801 4359 926 4414 ‹rogrroseit
935 4357 1057 4402 auxilium.
1090 4358 1144 4401 Per.

164 4424 176 4482 ss
192 4381 382 4477 uls-usuam,
391 4422 501 4477 Domine,
509 4420 621 4464 furnillam
631 4423 698 4463 tuam
708 4419 847 4463 muneribus
858 4416 947 4474 saeris5
963 4417 1023 4474 ejus,
1031 4430 1181 4475 quaesumus,
1190 4417 1302 4462 interm-s·-

104 4480 171 4528 aione
182 4495 226 4526 nos
237 4481 326 4539 refove,
337 4482 406 4538 cuius
415 4480 539 4526 sollemnia
549 4478 702 4524 celebramus
734 4478 786 4523 Per.
