2804 4920
167 312 208 377 56
531 310 636 378 Hebri.
659 310 701 378 ii.
725 310 1002 397 Qeeeeepetme.

223 477 416 553 offertorium.

218 559 396 617 Benedicam
424 559 587 618 Dominum
615 560 668 637 qui
694 558 771 617 mihi
799 559 908 617 tribuit
934 559 1139 618 intellectum:
1172 558 1367 635 providebam

157 641 256 698 Deum
275 641 309 698 in
327 646 485 718 conspeetu
504 659 570 699 meo
589 659 712 718 semper,
727 641 869 718 quoniam
889 660 908 698 a
928 640 1042 699 dextris
1063 646 1109 699 est
1129 638 1214 713 mihi,
1228 658 1271 699 ne
1291 659 1367 699 eom·

157 740 285 780 movear.

218 802 340 863 Secreta.

218 882 293 942 Haec
319 884 424 958 hostia,
451 884 587 957 Domine,
611 884 785 960 placationis
811 890 842 942 et
869 883 966 943 laudis
992 891 1045 941 tua
1071 902 1125 941 nes
1151 882 1366 961 propitiatione

157 963 261 1041 dignos
275 965 390 1023 efficiat.
433 965 493 1023 Per
506 967 676 1024 Dominum.

220 1043 402 1104 Commmeie.

218 1126 347 1185 Domine
374 1127 521 1186 Dominus
548 1133 656 1200 nester,
681 1147 770 1204 quam
800 1126 972 1185 admirabile
1000 1132 1045 1185 est
1071 1145 1181 1184 nomon
1214 1130 1307 1185 tuum
1333 1127 1366 1185 in

158 1206 297 1265 universa
309 1214 395 1266 terra

218 1288 462 1348 Postcommrmio.

218 1368 293 1427 Haec
314 1389 368 1427 nos
387 1370 563 1441 communio,
580 1369 716 1441 Domine,
730 1376 837 1448 purget
853 1389 872 1428 a
893 1369 1025 1444 crimine,
1040 1377 1072 1428 et
1093 1370 1218 1429 crelcstis
1239 1370 1365 1431 remedii

156 1449 246 1508 faciat
258 1470 320 1509 esse
332 1457 489 1509 consortes,
532 1451 591 1509 Per
604 1452 773 1509 Dominum.
904 1449 907 1455 ’

216 1531 312 1607 Super
327 1532 490 1608 populum„

215 1613 331 1670 Adesto
345 1612 607 1689 supplicationibus
620 1612 736 1685 nostris,
749 1613 934 1690 omnipotens
946 1612 1045 1670 Deus:
1063 1619 1094 1670 et
1103 1613 1213 1689 quibus
1223 1613 1363 1673 fiduciam

154 1692 305 1769 sperandae
339 1693 459 1769 pietatis
492 1693 636 1771 indulges,
667 1700 813 1752 consuetae
841 1693 1046 1751 misericordiae
1080 1694 1181 1752 tribue
1214 1694 1364 1773 benignus

154 1774 299 1832 effectum.
343 1774 402 1832 Per
415 1775 585 1833 Dominum.

632 1939 732 1996 Ferus
752 1937 877 1996 resen.

214 2018 354 2092 Qlllcimn.

214 2099 282 2156 Tibi
295 2100 374 2156 dixit
388 2118 437 2157 cor
450 2118 568 2171 meum;
587 2098 710 2175 quaesiui
722 2098 841 2157 vultum
854 2106 959 2158 tuum:
978 2099 1096 2158 vultum
1109 2106 1206 2175 tuum,
1220 2102 1362 2176 Domine,

153 2181 319 2317 requliyerln,
339 2200 378 2238 ne
391 2186 508 2238 avertas
520 2180 625 2237 faciem
638 2187 722 2238 tuam
735 2200 754 2238 e
766 2200 821 2239 me.

241 2281 274 2318 ee
287 2282 359 2318 ersus.

213 2342 361 2398 Dominus
374 2340 554 2399 illuminatio
567 2360 641 2415 mea,
657 2347 688 2400 et
700 2342 779 2400 salus
792 2362 857 2401 mea
870 2364 877 2400 ι
901 2362 990 2419 quem
1003 2342 1114 2401 timebo
1125 2345 1136 2401 l

212 2422 322 2480 Oratio.

212 2503 332 2575 Perfice,
348 2521 524 2579 qusesumus,
545 2503 683 2575 Domine,
703 2503 848 2581 benignus
869 2504 901 2561 in
923 2504 1008 2562 nobis
1029 2505 1227 2565 observantiis
1248 2514 1360 2568 mnae

150 2584 333 2641 subsidium:
354 2590 390 2642 ut
414 2604 479 2660 quse
500 2590 531 2641 tc
555 2592 674 2644 auctore
693 2585 826 2643 facienda
846 2586 1046 2662 cognovimus,
1064 2592 1096 2644 te
1116 2595 1262 2663 operante
1283 2608 1360 2648 com-

146 2666 286 2742 pleamus
330 2665 389 2723 Per
402 2665 574 2723 Dominum.

206 2747 304 2805 Lectio
318 2747 386 2804 lieri
398 2747 511 2822 Reyum
524 2748 561 2823 (3
582 2748 651 2805 xvii.
668 2747 763 2825 8-16).

208 2828 247 2885 In
272 2828 374 2886 (fichus
398 2827 467 2900 illis,
490 2827 598 2886 Factus
625 2835 671 2886 cst
698 2848 792 2885 sermo
817 2829 941 2886 Domini
964 2829 1002 2886 ad
1030 2829 1153 2887 Heliam
1180 2830 1357 2892 Thesbitcm

146 2908 265 2982 dicens,
295 2909 396 2985 Surge,
422 2916 453 2967 et
473 2910 547 2967 vade
571 2910 604 2966 in
629 2910 783 2986 Sareptam
806 2930 897 2984 resque
920 2910 962 2967 ed
988 2909 1122 2985 lecythus
1146 2911 1204 2970 olei
1228 2933 1294 2971 non
1313 2922 1357 2973 cst

146 2990 328 3060 imminutus,
338 2992 430 3067 juxta
439 2990 564 3048 verbum
578 2990 710 3063 Domini,
726 2990 805 3066 quod
820 2990 935 3048 locutus
949 2990 1046 3048 fuerat
1059 2992 1092 3049 in
1106 3011 1198 3050 manu
1213 2993 1324 3053 Heliae

209 3071 342 3128 GrorIal.

207 3151 228 3209 J
230 3159 296 3208 ectu
309 3152 470 3228 cogitatum
484 3157 570 3209 tuum
585 3152 617 3208 in
631 3151 779 3210 Domino:
799 3157 830 3209 et
846 3152 908 3229 ipse
922 3158 952 3210 te
967 3153 1106 3211 enutriet.

152 3231 181 3289 V.
208 3233 288 3289 Dum
314 3233 469 3289 clamarem
489 3233 527 3289 ad
552 3233 722 3306 Dominum,
746 3233 900 3291 exauditit
924 3253 1026 3291 vocem
1046 3254 1142 3292 meam
1165 3236 1205 3294 ab
1229 3236 1278 3296 his
1303 3239 1352 3315 qui

146 3312 386 3389 appropinquant
399 3312 480 3369 mihi.

204 3394 321 3451 ›S'ectend
324 3414 373 3450 um
386 3393 561 3451 illecebram
574 3393 673 3471 (exiii.
693 3395 787 3473 1-12).

206 3474 246 3530 In
259 3474 311 3531 illo
325 3481 464 3550 tempore,
481 3475 610 3532 Locutus
631 3481 675 3533 est
694 3476 716 3534 J
717 3495 783 3533 esus
803 3476 841 3533 ad
861 3477 964 3534 turbas
984 3482 1015 3533 et
1035 3477 1072 3534 ad
1093 3478 1254 3555 discipulos
1274 3500 1346 3553 suos,

145 3555 262 3612 dicens:
284 3554 378 3630 Super
391 3555 560 3613 cathedram
580 3555 680 3632 Moysi
700 3557 839 3614 sederunt
860 3558 961 3614 scribis
983 3565 1014 3615 et
1035 3558 1178 3616 Pharisaei
1198 3581 1291 3636 usque
1309 3562 1346 3619 ed

145 3635 205 3704 Qui
213 3641 313 3693 autem
322 3654 352 3693 se
363 3636 547 3711 exultaverit,
558 3636 777 3695 humiliabitur:
792 3645 823 3697 et
831 3639 884 3714 qui
892 3659 922 3696 se
933 3639 1145 3714 humiliaverit,
1156 3643 1341 3701 exaltabitur.

206 3716 398 3789 Offertesium.

203 3797 345 3855 Miserere
372 3798 456 3870 mihi,
483 3800 619 3872 Domine,
645 3800 805 3858 secundum
829 3820 966 3879 magnam
990 3802 1221 3861 misericordiam
1245 3810 1338 3864 tuam:

142 3878 216 3950 dele,
231 3878 366 3950 Domine,
381 3879 570 3956 iniquitatem
583 3900 685 3939 meam.

202 3959 323 4019 Secreta.

204 4041 473 4099 sanctificationem
487 4048 570 4099 tuam
583 4043 675 4115 nobis,
692 4044 827 4116 Domine,
842 4043 889 4101 his
903 4045 1051 4121 mysteriis
1070 4046 1204 4122 placatus
1218 4064 1332 4126 operare,

142 4142 207 4198 qrue
221 4142 274 4180 nos
288 4128 320 4180 et
333 4142 352 4180 a
365 4123 490 4181 terrenis
504 4130 610 4201 purget
624 4125 706 4182 vitiis
723 4130 754 4182 et
774 4125 812 4182 ad
830 4125 958 4183 caelestie
979 4146 1070 4204 regne
1091 4128 1243 4204 perducat.
1284 4128 1333 4187 Per

142 4203 313 4261 Dominum.
403 4242 406 4249 ·

201 4285 384 4343 cominente.

198 4366 335 4424 Narrabo
356 4365 456 4425 omnia
476 4365 625 4425 mirabilia
644 4372 715 4425 tua:
742 4367 865 4426 luctabor
885 4375 916 4427 et
933 4369 1074 4429 exultabo
1093 4372 1127 4431 in
1146 4377 1177 4431 te
1186 4391 1197 4447 3
1217 4368 1336 4450 psallam

136 4447 250 4504 nomini
263 4454 325 4521 tuo,
339 4447 503 4506 Altissime.
