2806 4920
443 271 492 336 In
513 269 551 335 N
549 268 700 336 otivitote
722 264 876 333 Domini.

181 441 268 500 Felix
281 445 377 499 mater
389 446 421 498 et
434 439 495 498 cola
508 438 621 497 intacta
634 442 745 495 aeterna
757 453 910 513 puerpera,

180 524 253 583 darn
264 527 338 580 nato
351 527 411 579 stas
422 520 553 598 gravida,
568 538 635 578 cum
649 518 708 575 viri
721 517 761 575 aia
774 516 879 574 cubilia
892 514 997 572 nescia

183 604 288 662 Omnis
300 609 418 661 caterva
430 607 533 658 nostra
545 607 577 658 te
590 605 684 677 rogat,
700 598 838 670 Domina,

182 685 285 743 Solvas
306 703 364 760 quo
382 688 484 740 nostra
497 687 604 740 cuncta
616 680 819 757 peccaminum
832 678 959 751 vincula,
974 676 1070 752 Virgo
1084 672 1262 751 sempiterna

181 847 282 923 Digna
294 845 379 903 fuisti
391 844 453 902 sola
466 844 619 902 tollentem
633 842 758 900 crimina

182 927 271 985 Intra
284 926 364 984 uteri
377 926 505 984 claustra
518 933 643 1002 portare,
659 924 711 1000 qui
725 923 871 1000 gubernat
884 925 992 997 omnia,
1008 943 1121 1002 supera,
1137 924 1239 982 infera
1294 985 1295 990 χ

183 1008 277 1067 Hunc
291 1027 344 1065 sua
357 1006 481 1065 laudant
490 1006 568 1063 iacta
576 1006 747 1082 gaudenter,
756 1005 834 1063 bona
843 1025 903 1082 qua
912 1007 1021 1063 vivunt
1030 1025 1118 1082 super
1127 1004 1261 1065 essentia.

182 1088 247 1147 Noa
260 1088 429 1146 humillima
441 1088 531 1145 turba
544 1087 648 1144 damus
661 1086 769 1158 debita,
784 1093 936 1163 poscentes
949 1088 1012 1163 ejus
1026 1088 1230 1157 clementiam3

183 1169 231 1228 Ut
243 1176 345 1227 nostra
363 1175 505 1245 praestans
520 1175 654 1245 tempora
674 1186 754 1225 nunc
772 1169 881 1243 quieta,
905 1168 956 1226 det
976 1168 1091 1246 placida
1111 1169 1171 1227 frui
1191 1167 1262 1238 vita,

263 1250 351 1308 utilia
364 1248 501 1307 donando
514 1249 632 1306 famulis
645 1268 785 1319 munera;

181 1333 231 1391 Ac
257 1331 337 1389 inter
362 1349 416 1388 nos
443 1330 613 1387 discrimina
639 1349 716 1387 saeva
743 1329 867 1401 solvens,
893 1338 959 1408 post
986 1332 1090 1390 funera
1117 1330 1263 1401 derelicta,

262 1413 360 1470 aedem
373 1413 463 1469 ducat
476 1411 580 1467 mortis
593 1429 627 1468 ac
640 1411 786 1467 mulorum
798 1412 950 1488 ignaram;

184 1492 246 1563 Qui
259 1494 296 1551 ad
310 1494 462 1551 dexteram
485 1491 584 1549 Patris
598 1491 705 1549 almam
720 1491 831 1564 sedens,
847 1500 1008 1570 conregnat
1029 1500 1191 1554 coaeternus
1214 1510 1267 1569 per

266 1593 373 1646 omnm

184 1654 329 1713 Potenter
342 1659 448 1713 cuneta
461 1653 643 1732 disponendo
656 1673 723 1711 cum
736 1673 771 1712 eo
784 1655 869 1713 aaeola
881 1658 1038 1732 praesentia
1052 1663 1082 1715 et
1095 1657 1205 1728 futura,

185 1737 281 1794 Beata
296 1735 387 1812 justis
399 1735 513 1792 donans
526 1735 663 1793 omnibus
679 1736 808 1811 praemia,

185 1818 332 1875 Praeclara
353 1837 413 1893 qua
433 1816 488 1873 lux
509 1836 577 1874 vere
599 1817 699 1888 micat,
722 1836 787 1892 quse
812 1823 857 1874 est
881 1818 959 1875 salus
983 1825 1093 1877 aeterna
1115 1824 1147 1876 et
1167 1823 1269 1875 nostra

266 1897 368 1976 gloria.

120 2021 254 2080 Initium
267 2021 361 2078 sancti
374 2017 528 2094 Dconqelii
541 2018 701 2076 secundum
713 2016 881 2076 Joitannem
894 2019 932 2093 (i.
952 2021 1045 2099 1-14)

122 2101 325 2243 geppineipio
338 2107 402 2159 erat
416 2099 551 2157 Verbum
565 2119 655 2174 nsque
669 2100 710 2157 od
729 2099 851 2176 plenum
864 2102 967 2177 gratiae
980 2109 1011 2160 et
1024 2100 1165 2160 veritatis.

124 2280 345 2418 gililaw&
360 2363 391 2416 et
404 2362 457 2415 tua
471 2362 516 2415 est
530 2362 630 2416 terra:
653 2313 754 2415 orbern
767 2364 913 2417 terrarum
929 2366 960 2417 et
972 2358 1189 2437 plenitudinem
1209 2359 1272 2435 ejus

64 2447 98 2500 tu
112 2441 247 2500 fundasti
254 2461 263 2514 ;
279 2439 399 2518 justitia
413 2444 444 2497 et
453 2437 600 2514 judicium
613 2440 789 2515 praeparatio
801 2441 879 2499 aedis
892 2446 960 2503 tuae.
993 2502 997 2512 ¹

125 2542 248 2600 Secreto.

127 2637 245 2709 Oblata,
268 2634 404 2708 Domine,
427 2654 551 2692 munera
571 2653 649 2691 nova
671 2633 831 2711 Unigeniti
855 2636 901 2693 tui
929 2636 1087 2694 nativitate
1113 2636 1270 2707 sanctifica,

63 2738 178 2796 nosque
192 2737 210 2775 a
224 2722 410 2794 peccatorum
423 2722 593 2773 nostrorum
607 2715 730 2772 maculis
743 2715 879 2775 emunda.
923 2717 982 2774 Per
995 2716 1128 2779 eundem.

127 2815 307 2876 Communia

125 2913 281 2971 Viderunt
295 2930 397 2970 omnes
408 2910 483 2969 fines
495 2915 583 2968 terrae
597 2909 725 2968 salutare
738 2910 798 2967 Dei
811 2909 914 2968 nostri

129 3009 370 3070 Postcommunio.

127 3107 251 3180 Praesta,
264 3124 439 3182 quaesumus,
455 3104 642 3181 omnipotens
656 3104 745 3177 Deua,
761 3110 796 3162 ut
808 3112 898 3163 natus
911 3105 998 3164 hodie
1012 3105 1149 3165 Salvator
1158 3111 1271 3169 mundi,

65 3191 144 3248 siout
158 3188 268 3246 divinae
282 3187 367 3244 nobie
381 3186 579 3263 generationis
593 3191 638 3244 eat
651 3192 763 3258 auctor,
777 3187 821 3244 ita
841 3193 872 3245 et
893 3187 1128 3246 immortalitatis
1149 3191 1189 3248 ait
1211 3193 1272 3270 ipse

66 3271 200 3349 largitor.
244 3268 305 3338 Qui
317 3274 423 3326 tecum.

129 3368 170 3425 Et
183 3376 255 3425 asoto
268 3366 346 3440 qaod
359 3365 393 3422 in
406 3364 627 3440 Principalibns
639 3363 733 3422 Fastis
746 3373 862 3423 tantam
868 3369 929 3441 fiat
937 3365 1087 3442 processio,
1103 3387 1274 3444 quocunque

66 3451 115 3508 die
137 3448 280 3507 ecarwrint
290 3469 302 3515 ,·
330 3455 365 3503 ut
386 3445 513 3503 maledicet
534 3445 569 3502 in
586 3445 633 3503 die
650 3445 770 3504 Natalis
784 3447 915 3519 Domini,
931 3448 1115 3523 Epiphaniae,
1131 3449 1275 3525 Purifica-

67 3530 157 3589 tionis
171 3530 258 3587 beotia
272 3527 381 3585 Morioe
389 3546 402 3596 ,·
422 3526 469 3584 die
483 3525 610 3597 Panto,
626 3526 854 3597 decarmoniam
868 3529 1075 3600 Dedicationis,
1090 3529 1272 3601 Pentecosten

69 3611 238 3680 Trinitatis,
262 3609 355 3667 sancti
378 3606 543 3677 Ettettern,
570 3606 708 3683 Corporis
732 3607 869 3678 Christi;
909 3618 1031 3685 utroque
1064 3608 1148 3668 Festo
1181 3613 1275 3671 sancti

69 3692 187 3750 llam
222 3688 396 3765 cmej'essoiis,
429 3686 644 3763 Retio-etiosam,
672 3687 888 3764 desumptionis
921 3699 947 3748 et
980 3690 1156 3750 Natioitotis
1189 3693 1275 3751 beotae

68 3773 187 3843 Manae,
202 3772 336 3829 maniam
349 3769 532 3839 Sanetomtm,
549 3778 575 3826 et
588 3769 668 3827 Festi
681 3768 743 3827 loci.

128 3853 173 3910 In
193 3852 370 3928 Duplicibas
391 3870 455 3908 cero
477 3849 571 3908 Fastis
591 3869 651 3908 non
672 3853 732 3924 flat
755 3851 905 3926 processio,
928 3851 989 3908 nisi
1009 3853 1089 3910 dicto
1109 3853 1196 3912 Festo
1218 3855 1276 3913 Dc

68 3934 186 3993 minicia
213 3933 314 3991 diebus
341 3931 510 4006 contiqerint
521 3950 534 4000 ,·
568 3939 602 3988 ut
625 3939 695 3988 sunt
721 3933 815 3989 saneti
841 3931 990 4008 Stephani,
1016 3934 1090 3991 beati
1116 3933 1272 4003 Joimnnis,

67 4025 238 4075 sanctorum
261 4012 476 4082 Innocentium,
499 4012 593 4069 suncti
617 4010 739 4084 Tltomoe,
766 4011 1012 4085 Circumcisionis‚
1034 4015 1129 4072 sumti
1151 4014 1272 4089 Georpii,

68 4096 247 4155 Nativitatis
276 4095 371 4152 sancti
402 4093 550 4154 Jolannis
579 4092 729 4168 Baptistae,
760 4093 963 4169 Apostolorum
997 4095 1081 4151 Petri
1113 4104 1139 4153 et
1172 4096 1272 4155 Pauli.

66 4176 253 4235 lacerationis
286 4183 312 4234 et
345 4174 544 4232 Eaeotmtionis
577 4183 683 4231 sonetae
717 4173 828 4247 Crucis,
857 4176 951 4234 sancti
984 4175 1144 4249 Midioen,
1181 4178 1275 4234 sancti

67 4258 218 4335 Dionysii,
234 4266 260 4314 et
275 4255 473 4331 Ommeptionis
487 4256 573 4313 deotae
587 4253 701 4312 dimico.

128 4337 171 4396 In
195 4338 289 4396 Fastis
312 4356 376 4395 cero
399 4337 499 4401 minus
525 4335 702 4411 Dupliciter
728 4334 894 4398 Dominicis
921 4338 1020 4397 diebus
1046 4337 1277 4413 contiapentibns

66 4420 153 4480 nullo
166 4420 202 4479 de
215 4418 310 4478 Fastis
323 4418 466 4497 processio
479 4419 546 4492 fiat,
569 4418 618 4475 sed
631 4417 665 4475 de
680 4417 845 4478 Dominicc.

544 4513 560 4554 o
