<?xml version="1.0" encoding="UTF-8"?>
<!DOCTYPE html PUBLIC "-//W3C//DTD XHTML 1.0 Transitional//EN"
    "http://www.w3.org/TR/xhtml1/DTD/xhtml1-transitional.dtd">
<html xmlns="http://www.w3.org/1999/xhtml" xml:lang="en" lang="en">
 <head>
  <title>
</title>
<meta http-equiv="Content-Type" content="text/html;charset=utf-8" />
  <meta name='ocr-system' content='tesseract 3.04.00' />
  <meta name='ocr-capabilities' content='ocr_page ocr_carea ocr_par ocr_line ocrx_word'/>
</head>
<body>
  <div class='ocr_page' id='page_1' title='image "./missaleadusumpe00churgoog_0358.png"; bbox 0 0 2804 4920; ppageno 0'>
   <div class='ocr_carea' id='block_1_1' title="bbox 519 327 798 412">
    <p class='ocr_par' dir='ltr' id='par_1_1' title="bbox 519 327 798 412">
     <span class='ocr_line' id='line_1_1' title="bbox 519 327 798 412; baseline 0 -21"><span class='ocrx_word' id='word_1_1' title='bbox 519 327 615 394; x_wconf 79' lang='lat' dir='ltr'>Festa</span> <span class='ocrx_word' id='word_1_2' title='bbox 636 327 798 412; x_wconf 61' lang='lat' dir='ltr'>requeti.</span> 
     </span>
    </p>
   </div>
   <div class='ocr_carea' id='block_1_2' title="bbox 58 493 1265 815">
    <p class='ocr_par' dir='ltr' id='par_1_2' title="bbox 65 493 611 634">
     <span class='ocr_line' id='line_1_2' title="bbox 126 493 611 570; baseline -0.002 -17"><span class='ocrx_word' id='word_1_3' title='bbox 126 493 260 553; x_wconf 71' lang='lat' dir='ltr'>Grodole</span> <span class='ocrx_word' id='word_1_4' title='bbox 302 493 429 570; x_wconf 75' lang='lat' dir='ltr'><strong>Propter</strong></span> <span class='ocrx_word' id='word_1_5' title='bbox 448 494 611 552; x_wconf 83' lang='lat' dir='ltr'>veritatem.</span> 
     </span>
     <span class='ocr_line' id='line_1_3' title="bbox 65 575 299 634; baseline 0.004 -1"><span class='ocrx_word' id='word_1_6' title='bbox 65 575 96 634; x_wconf 76' lang='lat' dir='ltr'>V.</span> <span class='ocrx_word' id='word_1_7' title='bbox 124 576 210 634; x_wconf 81' lang='lat' dir='ltr'>Audi</span> <span class='ocrx_word' id='word_1_8' title='bbox 229 575 299 634; x_wconf 81' lang='lat' dir='ltr'>filia</span> 
     </span>
    </p>

    <p class='ocr_par' dir='ltr' id='par_1_3' title="bbox 58 654 1265 815">
     <span class='ocr_line' id='line_1_4' title="bbox 122 654 1265 734; baseline 0 -21"><span class='ocrx_word' id='word_1_9' title='bbox 122 657 272 733; x_wconf 81' lang='lat' dir='ltr'>Alleluya</span> <span class='ocrx_word' id='word_1_10' title='bbox 320 656 350 714; x_wconf 82' lang='lat' dir='ltr'>V.</span> <span class='ocrx_word' id='word_1_11' title='bbox 372 655 472 714; x_wconf 81' lang='lat' dir='ltr'>Hodie</span> <span class='ocrx_word' id='word_1_12' title='bbox 486 656 584 714; x_wconf 85' lang='lat' dir='ltr'>Maria</span> <span class='ocrx_word' id='word_1_13' title='bbox 596 656 681 734; x_wconf 86' lang='lat' dir='ltr'>virgo</span> <span class='ocrx_word' id='word_1_14' title='bbox 695 655 780 715; x_wconf 85' lang='lat' dir='ltr'>caelos</span> <span class='ocrx_word' id='word_1_15' title='bbox 793 657 942 715; x_wconf 88' lang='lat' dir='ltr'>ascendit:</span> <span class='ocrx_word' id='word_1_16' title='bbox 963 655 1089 733; x_wconf 80' lang='lat' dir='ltr'>gandete</span> <span class='ocrx_word' id='word_1_17' title='bbox 1109 654 1178 733; x_wconf 86' lang='lat' dir='ltr'>quia</span> <span class='ocrx_word' id='word_1_18' title='bbox 1198 675 1265 714; x_wconf 90' lang='lat' dir='ltr'>cum</span> 
     </span>
     <span class='ocr_line' id='line_1_5' title="bbox 58 737 509 815; baseline -0.007 -18"><span class='ocrx_word' id='word_1_19' title='bbox 58 737 182 797; x_wconf 84' lang='lat' dir='ltr'>Christo</span> <span class='ocrx_word' id='word_1_20' title='bbox 195 744 299 815; x_wconf 74' lang='lat' dir='ltr'>regnat</span> <span class='ocrx_word' id='word_1_21' title='bbox 311 737 344 794; x_wconf 90' lang='lat' dir='ltr'>in</span> <span class='ocrx_word' id='word_1_22' title='bbox 357 744 509 795; x_wconf 87' lang='lat' dir='ltr'>aeternum.</span> 
     </span>
    </p>
   </div>
   <div class='ocr_carea' id='block_1_3' title="bbox 59 830 1271 3982">
    <p class='ocr_par' dir='ltr' id='par_1_4' title="bbox 59 830 1271 3982">
     <span class='ocr_line' id='line_1_6' title="bbox 123 830 285 906; baseline -0.006 -17"><span class='ocrx_word' id='word_1_23' title='bbox 123 830 285 906; x_wconf 76' lang='lat' dir='ltr'>Seqrmrtia.</span> 
     </span>
     <span class='ocr_line' id='line_1_7' title="bbox 59 910 1074 989; baseline 0 -19"><span class='ocrx_word' id='word_1_24' title='bbox 59 913 94 970; x_wconf 88' lang='lat' dir='ltr'>A</span> <span class='ocrx_word' id='word_1_25' title='bbox 108 931 159 970; x_wconf 86' lang='lat' dir='ltr'>res</span> <span class='ocrx_word' id='word_1_26' title='bbox 171 913 255 989; x_wconf 82' lang='lat' dir='ltr'>virga</span> <span class='ocrx_word' id='word_1_27' title='bbox 268 911 370 988; x_wconf 85' lang='lat' dir='ltr'>primae</span> <span class='ocrx_word' id='word_1_28' title='bbox 385 911 488 969; x_wconf 89' lang='lat' dir='ltr'>matris</span> <span class='ocrx_word' id='word_1_29' title='bbox 503 911 574 970; x_wconf 76' lang='lat' dir='ltr'>Eva</span> <span class='ocrx_word' id='word_1_30' title='bbox 589 911 695 971; x_wconf 89' lang='lat' dir='ltr'>florens</span> <span class='ocrx_word' id='word_1_31' title='bbox 708 931 775 969; x_wconf 86' lang='lat' dir='ltr'>rosa</span> <span class='ocrx_word' id='word_1_32' title='bbox 788 911 931 988; x_wconf 87' lang='lat' dir='ltr'>processit</span> <span class='ocrx_word' id='word_1_33' title='bbox 945 910 1044 969; x_wconf 86' lang='lat' dir='ltr'>Maria</span> <span class='ocrx_word' id='word_1_34' title='bbox 1055 933 1074 970; x_wconf 52' lang='lat'>:¹</span> 
     </span>
     <span class='ocr_line' id='line_1_8' title="bbox 60 992 1001 1069; baseline -0.001 -18"><span class='ocrx_word' id='word_1_35' title='bbox 60 993 171 1051; x_wconf 78' lang='lat' dir='ltr'>Oritur</span> <span class='ocrx_word' id='word_1_36' title='bbox 183 1000 218 1050; x_wconf 94' lang='lat' dir='ltr'>ut</span> <span class='ocrx_word' id='word_1_37' title='bbox 232 992 336 1050; x_wconf 87' lang='lat' dir='ltr'><strong>lucifer</strong></span> <span class='ocrx_word' id='word_1_38' title='bbox 349 992 428 1050; x_wconf 85' lang='lat' dir='ltr'>inter</span> <span class='ocrx_word' id='word_1_39' title='bbox 441 1000 521 1050; x_wconf 86' lang='lat' dir='ltr'>astra</span> <span class='ocrx_word' id='word_1_40' title='bbox 534 992 669 1065; x_wconf 80' lang='lat' dir='ltr'>aetherea,</span> <span class='ocrx_word' id='word_1_41' title='bbox 688 992 865 1069; x_wconf 87' lang='lat' dir='ltr'>perpulchra</span> <span class='ocrx_word' id='word_1_42' title='bbox 878 1000 912 1049; x_wconf 92' lang='lat' dir='ltr'>ut</span> <span class='ocrx_word' id='word_1_43' title='bbox 924 994 1001 1050; x_wconf 88' lang='lat' dir='ltr'>luna</span> 
     </span>
     <span class='ocr_line' id='line_1_9' title="bbox 61 1073 1035 1151; baseline 0 -20"><span class='ocrx_word' id='word_1_44' title='bbox 61 1074 232 1151; x_wconf 82' lang='lat' dir='ltr'>Fragrescit</span> <span class='ocrx_word' id='word_1_45' title='bbox 246 1074 325 1131; x_wconf 89' lang='lat' dir='ltr'>ultra</span> <span class='ocrx_word' id='word_1_46' title='bbox 339 1074 439 1130; x_wconf 83' lang='lat' dir='ltr'>omnia</span> <span class='ocrx_word' id='word_1_47' title='bbox 451 1074 589 1146; x_wconf 85' lang='lat' dir='ltr'>balsama,</span> <span class='ocrx_word' id='word_1_48' title='bbox 603 1073 762 1150; x_wconf 83' lang='lat' dir='ltr'>pigmenta,</span> <span class='ocrx_word' id='word_1_49' title='bbox 778 1081 809 1131; x_wconf 89' lang='lat' dir='ltr'>ct</span> <span class='ocrx_word' id='word_1_50' title='bbox 822 1073 1035 1150; x_wconf 81' lang='lat' dir='ltr'>thymiamata:</span> 
     </span>
     <span class='ocr_line' id='line_1_10' title="bbox 60 1153 919 1232; baseline 0 -20"><span class='ocrx_word' id='word_1_51' title='bbox 60 1155 220 1232; x_wconf 85' lang='lat' dir='ltr'>Purpurea</span> <span class='ocrx_word' id='word_1_52' title='bbox 232 1160 268 1212; x_wconf 94' lang='lat' dir='ltr'>ut</span> <span class='ocrx_word' id='word_1_53' title='bbox 280 1154 368 1225; x_wconf 81' lang='lat' dir='ltr'>viola,</span> <span class='ocrx_word' id='word_1_54' title='bbox 383 1154 497 1212; x_wconf 86' lang='lat' dir='ltr'>roscida</span> <span class='ocrx_word' id='word_1_55' title='bbox 509 1162 545 1211; x_wconf 91' lang='lat' dir='ltr'>ut</span> <span class='ocrx_word' id='word_1_56' title='bbox 558 1174 632 1224; x_wconf 83' lang='lat' dir='ltr'>rosa,</span> <span class='ocrx_word' id='word_1_57' title='bbox 647 1154 774 1212; x_wconf 86' lang='lat' dir='ltr'>candens</span> <span class='ocrx_word' id='word_1_58' title='bbox 787 1162 823 1212; x_wconf 90' lang='lat' dir='ltr'>ut</span> <span class='ocrx_word' id='word_1_59' title='bbox 836 1153 900 1212; x_wconf 85' lang='lat' dir='ltr'>lilia</span> <span class='ocrx_word' id='word_1_60' title='bbox 912 1175 919 1213; x_wconf 79' lang='lat' dir='ltr'><strong><em>z</em></strong></span> 
     </span>
     <span class='ocr_line' id='line_1_11' title="bbox 60 1235 1268 1312; baseline 0.001 -18"><span class='ocrx_word' id='word_1_61' title='bbox 60 1236 164 1294; x_wconf 82' lang='lat' dir='ltr'>Patris</span> <span class='ocrx_word' id='word_1_62' title='bbox 184 1235 293 1293; x_wconf 89' lang='lat' dir='ltr'>summi</span> <span class='ocrx_word' id='word_1_63' title='bbox 320 1254 409 1311; x_wconf 84' lang='lat' dir='ltr'>quam</span> <span class='ocrx_word' id='word_1_64' title='bbox 433 1235 522 1312; x_wconf 85' lang='lat' dir='ltr'>elegit</span> <span class='ocrx_word' id='word_1_65' title='bbox 547 1235 643 1311; x_wconf 87' lang='lat' dir='ltr'>proles</span> <span class='ocrx_word' id='word_1_66' title='bbox 667 1235 767 1306; x_wconf 82' lang='lat' dir='ltr'>Deice,</span> <span class='ocrx_word' id='word_1_67' title='bbox 793 1242 828 1292; x_wconf 89' lang='lat' dir='ltr'>ut</span> <span class='ocrx_word' id='word_1_68' title='bbox 848 1240 1010 1294; x_wconf 75' lang='lat' dir='ltr'>assumeret</span> <span class='ocrx_word' id='word_1_69' title='bbox 1030 1254 1148 1293; x_wconf 86' lang='lat' dir='ltr'>carnem</span> <span class='ocrx_word' id='word_1_70' title='bbox 1176 1256 1268 1295; x_wconf 86' lang='lat' dir='ltr'>sacro-</span> 
     </span>
     <span class='ocr_line' id='line_1_12' title="bbox 143 1316 757 1393; baseline -0.002 -19"><span class='ocrx_word' id='word_1_71' title='bbox 143 1322 275 1375; x_wconf 77' lang='lat' dir='ltr'><strong>sanctam</strong></span> <span class='ocrx_word' id='word_1_72' title='bbox 288 1337 325 1374; x_wconf 88' lang='lat' dir='ltr'>ex</span> <span class='ocrx_word' id='word_1_73' title='bbox 340 1317 464 1392; x_wconf 84' lang='lat' dir='ltr'>virginis</span> <span class='ocrx_word' id='word_1_74' title='bbox 478 1336 565 1373; x_wconf 83' lang='lat' dir='ltr'>carne</span> <span class='ocrx_word' id='word_1_75' title='bbox 579 1316 757 1393; x_wconf 84' lang='lat' dir='ltr'>incorrupta.</span> 
     </span>
     <span class='ocr_line' id='line_1_13' title="bbox 60 1396 1265 1475; baseline 0.002 -22"><span class='ocrx_word' id='word_1_76' title='bbox 60 1396 167 1455; x_wconf 85' lang='lat' dir='ltr'>Celsus</span> <span class='ocrx_word' id='word_1_77' title='bbox 189 1398 311 1455; x_wconf 86' lang='lat' dir='ltr'>nuntiat</span> <span class='ocrx_word' id='word_1_78' title='bbox 335 1396 456 1454; x_wconf 82' lang='lat' dir='ltr'>Gabriel</span> <span class='ocrx_word' id='word_1_79' title='bbox 484 1416 562 1453; x_wconf 82' lang='lat' dir='ltr'>nova</span> <span class='ocrx_word' id='word_1_80' title='bbox 588 1397 705 1473; x_wconf 84' lang='lat' dir='ltr'>gaudia,</span> <span class='ocrx_word' id='word_1_81' title='bbox 727 1397 830 1454; x_wconf 74' lang='lat' dir='ltr'>aeterni</span> <span class='ocrx_word' id='word_1_82' title='bbox 863 1396 940 1475; x_wconf 87' lang='lat' dir='ltr'>regis</span> <span class='ocrx_word' id='word_1_83' title='bbox 964 1403 1100 1456; x_wconf 84' lang='lat' dir='ltr'>exortum</span> <span class='ocrx_word' id='word_1_84' title='bbox 1123 1397 1155 1454; x_wconf 92' lang='lat' dir='ltr'>in</span> <span class='ocrx_word' id='word_1_85' title='bbox 1177 1403 1265 1470; x_wconf 82' lang='lat' dir='ltr'>terra,</span> 
     </span>
     <span class='ocr_line' id='line_1_14' title="bbox 145 1477 605 1554; baseline -0.004 -18"><span class='ocrx_word' id='word_1_86' title='bbox 145 1486 329 1554; x_wconf 85' lang='lat' dir='ltr'>matremque</span> <span class='ocrx_word' id='word_1_87' title='bbox 343 1478 407 1554; x_wconf 86' lang='lat' dir='ltr'>ejus</span> <span class='ocrx_word' id='word_1_88' title='bbox 420 1479 463 1534; x_wconf 82' lang='lat' dir='ltr'>ita</span> <span class='ocrx_word' id='word_1_89' title='bbox 476 1477 605 1549; x_wconf 82' lang='lat' dir='ltr'>salutat3</span> 
     </span>
     <span class='ocr_line' id='line_1_15' title="bbox 105 1556 861 1634; baseline 0 -18"><span class='ocrx_word' id='word_1_90' title='bbox 105 1556 182 1617; x_wconf 73' lang='lat' dir='ltr'>⁴*Iste</span> <span class='ocrx_word' id='word_1_91' title='bbox 194 1579 312 1633; x_wconf 76' lang='lat' dir='ltr'>seqroens</span> <span class='ocrx_word' id='word_1_92' title='bbox 325 1579 424 1617; x_wconf 75' lang='lat' dir='ltr'>versus</span> <span class='ocrx_word' id='word_1_93' title='bbox 437 1559 555 1617; x_wconf 81' lang='lat' dir='ltr'>dicatur</span> <span class='ocrx_word' id='word_1_94' title='bbox 569 1568 610 1616; x_wconf 81' lang='lat' dir='ltr'>ter</span> <span class='ocrx_word' id='word_1_95' title='bbox 621 1556 861 1634; x_wconf 60' lang='lat' dir='ltr'>praestruenda*</span> 
     </span>
     <span class='ocr_line' id='line_1_16' title="bbox 60 1639 1026 1716; baseline -0.002 -18"><span class='ocrx_word' id='word_1_96' title='bbox 60 1640 141 1711; x_wconf 88' lang='lat' dir='ltr'>Ave,</span> <span class='ocrx_word' id='word_1_97' title='bbox 156 1639 264 1713; x_wconf 85' lang='lat' dir='ltr'>Maria,</span> <span class='ocrx_word' id='word_1_98' title='bbox 279 1641 402 1698; x_wconf 87' lang='lat' dir='ltr'><strong>Domini</strong></span> <span class='ocrx_word' id='word_1_99' title='bbox 416 1641 476 1697; x_wconf 88' lang='lat' dir='ltr'>mei</span> <span class='ocrx_word' id='word_1_100' title='bbox 489 1646 584 1697; x_wconf 88' lang='lat' dir='ltr'>mater</span> <span class='ocrx_word' id='word_1_101' title='bbox 597 1640 684 1711; x_wconf 87' lang='lat' dir='ltr'>alma,</span> <span class='ocrx_word' id='word_1_102' title='bbox 699 1639 797 1696; x_wconf 83' lang='lat' dir='ltr'>caelica</span> <span class='ocrx_word' id='word_1_103' title='bbox 810 1639 898 1716; x_wconf 89' lang='lat' dir='ltr'>plena</span> <span class='ocrx_word' id='word_1_104' title='bbox 911 1639 1026 1716; x_wconf 82' lang='lat' dir='ltr'>gratia3</span> 
     </span>
     <span class='ocr_line' id='line_1_17' title="bbox 59 1720 1009 1798; baseline 0.001 -20"><span class='ocrx_word' id='word_1_105' title='bbox 59 1721 112 1778; x_wconf 83' lang='lat' dir='ltr'>Tu</span> <span class='ocrx_word' id='word_1_106' title='bbox 124 1721 279 1779; x_wconf 89' lang='lat' dir='ltr'>benedicta</span> <span class='ocrx_word' id='word_1_107' title='bbox 292 1741 391 1798; x_wconf 84' lang='lat' dir='ltr'>regem</span> <span class='ocrx_word' id='word_1_108' title='bbox 406 1722 437 1776; x_wconf 92' lang='lat' dir='ltr'>in</span> <span class='ocrx_word' id='word_1_109' title='bbox 451 1721 557 1778; x_wconf 84' lang='lat' dir='ltr'>saecula</span> <span class='ocrx_word' id='word_1_110' title='bbox 570 1720 675 1796; x_wconf 85' lang='lat' dir='ltr'>paries,</span> <span class='ocrx_word' id='word_1_111' title='bbox 690 1721 794 1777; x_wconf 86' lang='lat' dir='ltr'>effecta</span> <span class='ocrx_word' id='word_1_112' title='bbox 807 1720 886 1778; x_wconf 89' lang='lat' dir='ltr'>orbis</span> <span class='ocrx_word' id='word_1_113' title='bbox 900 1721 1009 1796; x_wconf 85' lang='lat' dir='ltr'>regina.</span> 
     </span>
     <span class='ocr_line' id='line_1_18' title="bbox 61 1801 1266 1880; baseline 0.002 -22"><span class='ocrx_word' id='word_1_114' title='bbox 61 1802 204 1860; x_wconf 74' lang='lat' dir='ltr'>Fecunda</span> <span class='ocrx_word' id='word_1_115' title='bbox 224 1822 302 1879; x_wconf 84' lang='lat' dir='ltr'>erge,</span> <span class='ocrx_word' id='word_1_116' title='bbox 320 1802 429 1878; x_wconf 87' lang='lat' dir='ltr'>inquit,</span> <span class='ocrx_word' id='word_1_117' title='bbox 447 1801 593 1878; x_wconf 90' lang='lat' dir='ltr'>quomodo</span> <span class='ocrx_word' id='word_1_118' title='bbox 610 1821 671 1858; x_wconf 91' lang='lat' dir='ltr'>esse</span> <span class='ocrx_word' id='word_1_119' title='bbox 690 1821 804 1877; x_wconf 80' lang='lat' dir='ltr'>queam,</span> <span class='ocrx_word' id='word_1_120' title='bbox 824 1820 891 1858; x_wconf 88' lang='lat' dir='ltr'>cum</span> <span class='ocrx_word' id='word_1_121' title='bbox 908 1802 1007 1858; x_wconf 82' lang='lat' dir='ltr'>virum</span> <span class='ocrx_word' id='word_1_122' title='bbox 1024 1821 1084 1859; x_wconf 90' lang='lat' dir='ltr'>non</span> <span class='ocrx_word' id='word_1_123' title='bbox 1101 1821 1266 1880; x_wconf 79' lang='lat' dir='ltr'><strong>agnoscam,</strong></span> 
     </span>
     <span class='ocr_line' id='line_1_19' title="bbox 144 1882 1025 1960; baseline -0.001 -20"><span class='ocrx_word' id='word_1_124' title='bbox 144 1903 183 1940; x_wconf 86' lang='lat' dir='ltr'>ex</span> <span class='ocrx_word' id='word_1_125' title='bbox 196 1903 255 1960; x_wconf 92' lang='lat' dir='ltr'>quo</span> <span class='ocrx_word' id='word_1_126' title='bbox 268 1903 334 1940; x_wconf 87' lang='lat' dir='ltr'>sum</span> <span class='ocrx_word' id='word_1_127' title='bbox 347 1890 425 1953; x_wconf 85' lang='lat' dir='ltr'>nata,</span> <span class='ocrx_word' id='word_1_128' title='bbox 441 1892 472 1940; x_wconf 90' lang='lat' dir='ltr'>ct</span> <span class='ocrx_word' id='word_1_129' title='bbox 485 1902 599 1959; x_wconf 87' lang='lat' dir='ltr'>semper</span> <span class='ocrx_word' id='word_1_130' title='bbox 612 1902 787 1958; x_wconf 85' lang='lat' dir='ltr'>permanens</span> <span class='ocrx_word' id='word_1_131' title='bbox 800 1882 884 1958; x_wconf 82' lang='lat' dir='ltr'>virgo</span> <span class='ocrx_word' id='word_1_132' title='bbox 897 1882 1025 1958; x_wconf 65' lang='lat' dir='ltr'>pudica?</span> 
     </span>
     <span class='ocr_line' id='line_1_20' title="bbox 62 1962 1266 2041; baseline 0.001 -19"><span class='ocrx_word' id='word_1_133' title='bbox 62 1964 114 2022; x_wconf 89' lang='lat' dir='ltr'>Ne</span> <span class='ocrx_word' id='word_1_134' title='bbox 126 1964 241 2035; x_wconf 90' lang='lat' dir='ltr'>timeas,</span> <span class='ocrx_word' id='word_1_135' title='bbox 258 1964 408 2041; x_wconf 89' lang='lat' dir='ltr'>respondit</span> <span class='ocrx_word' id='word_1_136' title='bbox 421 1963 575 2040; x_wconf 79' lang='lat' dir='ltr'>Angelus3</span> <span class='ocrx_word' id='word_1_137' title='bbox 600 1962 742 2021; x_wconf 83' lang='lat' dir='ltr'>Sanctum</span> <span class='ocrx_word' id='word_1_138' title='bbox 760 1962 894 2020; x_wconf 84' lang='lat' dir='ltr'>Pneums</span> <span class='ocrx_word' id='word_1_139' title='bbox 908 1962 1062 2021; x_wconf 78' lang='lat' dir='ltr'>descendet</span> <span class='ocrx_word' id='word_1_140' title='bbox 1075 1963 1107 2020; x_wconf 92' lang='lat' dir='ltr'>iu</span> <span class='ocrx_word' id='word_1_141' title='bbox 1122 1970 1160 2037; x_wconf 86' lang='lat' dir='ltr'>te,</span> <span class='ocrx_word' id='word_1_142' title='bbox 1176 1974 1266 2037; x_wconf 86' lang='lat' dir='ltr'>casta,</span> 
     </span>
     <span class='ocr_line' id='line_1_21' title="bbox 147 2044 892 2122; baseline -0.003 -20"><span class='ocrx_word' id='word_1_143' title='bbox 147 2065 205 2122; x_wconf 92' lang='lat' dir='ltr'>quo</span> <span class='ocrx_word' id='word_1_144' title='bbox 225 2045 382 2103; x_wconf 85' lang='lat' dir='ltr'>fecundata</span> <span class='ocrx_word' id='word_1_145' title='bbox 396 2045 491 2121; x_wconf 83' lang='lat' dir='ltr'>paries</span> <span class='ocrx_word' id='word_1_146' title='bbox 506 2045 602 2101; x_wconf 88' lang='lat' dir='ltr'>Deum</span> <span class='ocrx_word' id='word_1_147' title='bbox 618 2049 648 2101; x_wconf 90' lang='lat' dir='ltr'>et</span> <span class='ocrx_word' id='word_1_148' title='bbox 662 2044 812 2101; x_wconf 91' lang='lat' dir='ltr'>hominem</span> <span class='ocrx_word' id='word_1_149' title='bbox 825 2063 892 2100; x_wconf 80' lang='lat' dir='ltr'>una</span> 
     </span>
     <span class='ocr_line' id='line_1_22' title="bbox 63 2124 1268 2202; baseline 0.002 -19"><span class='ocrx_word' id='word_1_150' title='bbox 63 2126 92 2184; x_wconf 96' lang='grc' dir='ltr'><strong>Ο</strong></span> <span class='ocrx_word' id='word_1_151' title='bbox 115 2145 182 2183; x_wconf 85' lang='lat' dir='ltr'>vere</span> <span class='ocrx_word' id='word_1_152' title='bbox 200 2133 303 2184; x_wconf 86' lang='lat' dir='ltr'>sancta</span> <span class='ocrx_word' id='word_1_153' title='bbox 321 2132 410 2202; x_wconf 88' lang='lat' dir='ltr'>atque</span> <span class='ocrx_word' id='word_1_154' title='bbox 430 2126 563 2195; x_wconf 85' lang='lat' dir='ltr'>amanda,</span> <span class='ocrx_word' id='word_1_155' title='bbox 585 2144 623 2181; x_wconf 86' lang='lat' dir='ltr'>ex</span> <span class='ocrx_word' id='word_1_156' title='bbox 643 2144 702 2201; x_wconf 85' lang='lat' dir='ltr'>qua</span> <span class='ocrx_word' id='word_1_157' title='bbox 722 2131 767 2182; x_wconf 86' lang='lat' dir='ltr'>est</span> <span class='ocrx_word' id='word_1_158' title='bbox 788 2131 853 2182; x_wconf 88' lang='lat' dir='ltr'>orta</span> <span class='ocrx_word' id='word_1_159' title='bbox 873 2124 1037 2202; x_wconf 83' lang='lat' dir='ltr'>redemptio</span> <span class='ocrx_word' id='word_1_160' title='bbox 1058 2131 1167 2200; x_wconf 88' lang='lat' dir='ltr'>nostra,</span> <span class='ocrx_word' id='word_1_161' title='bbox 1189 2126 1268 2185; x_wconf 83' lang='lat' dir='ltr'>salus</span> 
     </span>
     <span class='ocr_line' id='line_1_23' title="bbox 146 2206 614 2284; baseline -0.004 -20"><span class='ocrx_word' id='word_1_162' title='bbox 146 2227 262 2284; x_wconf 88' lang='lat' dir='ltr'>quoque</span> <span class='ocrx_word' id='word_1_163' title='bbox 276 2207 387 2279; x_wconf 86' lang='lat' dir='ltr'>mundi,</span> <span class='ocrx_word' id='word_1_164' title='bbox 403 2226 530 2282; x_wconf 86' lang='lat' dir='ltr'>veraque</span> <span class='ocrx_word' id='word_1_165' title='bbox 543 2206 614 2263; x_wconf 80' lang='lat' dir='ltr'>vita</span> 
     </span>
     <span class='ocr_line' id='line_1_24' title="bbox 62 2286 1269 2366; baseline 0.001 -20"><span class='ocrx_word' id='word_1_166' title='bbox 62 2288 92 2346; x_wconf 93' lang='grc' dir='ltr'><strong>Ο</strong></span> <span class='ocrx_word' id='word_1_167' title='bbox 118 2288 176 2345; x_wconf 89' lang='lat' dir='ltr'>Dei</span> <span class='ocrx_word' id='word_1_168' title='bbox 200 2289 297 2345; x_wconf 88' lang='lat' dir='ltr'>nostri</span> <span class='ocrx_word' id='word_1_169' title='bbox 320 2289 455 2363; x_wconf 83' lang='lat' dir='ltr'>genetrix</span> <span class='ocrx_word' id='word_1_170' title='bbox 478 2288 535 2363; x_wconf 85' lang='lat' dir='ltr'>pia,</span> <span class='ocrx_word' id='word_1_171' title='bbox 551 2287 664 2364; x_wconf 87' lang='lat' dir='ltr'>suscipe</span> <span class='ocrx_word' id='word_1_172' title='bbox 688 2292 789 2345; x_wconf 86' lang='lat' dir='ltr'>nostra</span> <span class='ocrx_word' id='word_1_173' title='bbox 810 2286 864 2344; x_wconf 83' lang='lat' dir='ltr'>hac</span> <span class='ocrx_word' id='word_1_174' title='bbox 888 2286 936 2344; x_wconf 89' lang='lat' dir='ltr'>die</span> <span class='ocrx_word' id='word_1_175' title='bbox 957 2294 1084 2363; x_wconf 87' lang='lat' dir='ltr'>precata,</span> <span class='ocrx_word' id='word_1_176' title='bbox 1106 2287 1139 2344; x_wconf 90' lang='lat' dir='ltr'>in</span> <span class='ocrx_word' id='word_1_177' title='bbox 1159 2309 1218 2366; x_wconf 86' lang='lat' dir='ltr'>qua</span> <span class='ocrx_word' id='word_1_178' title='bbox 1238 2312 1269 2347; x_wconf 83' lang='lat' dir='ltr'>cs</span> 
     </span>
     <span class='ocr_line' id='line_1_25' title="bbox 145 2368 580 2446; baseline -0.005 -19"><span class='ocrx_word' id='word_1_179' title='bbox 145 2377 296 2446; x_wconf 86' lang='lat' dir='ltr'>assumpta</span> <span class='ocrx_word' id='word_1_180' title='bbox 314 2369 351 2426; x_wconf 84' lang='lat' dir='ltr'>ad</span> <span class='ocrx_word' id='word_1_181' title='bbox 369 2369 432 2426; x_wconf 87' lang='lat' dir='ltr'>caeli</span> <span class='ocrx_word' id='word_1_182' title='bbox 446 2368 580 2426; x_wconf 85' lang='lat' dir='ltr'>claustra</span> 
     </span>
     <span class='ocr_line' id='line_1_26' title="bbox 63 2448 1269 2527; baseline 0.002 -20"><span class='ocrx_word' id='word_1_183' title='bbox 63 2450 113 2507; x_wconf 90' lang='lat' dir='ltr'>Tu</span> <span class='ocrx_word' id='word_1_184' title='bbox 127 2469 158 2508; x_wconf 89' lang='lat' dir='ltr'>es</span> <span class='ocrx_word' id='word_1_185' title='bbox 175 2451 256 2508; x_wconf 91' lang='lat' dir='ltr'>enim</span> <span class='ocrx_word' id='word_1_186' title='bbox 275 2448 361 2507; x_wconf 89' lang='lat' dir='ltr'>Patri</span> <span class='ocrx_word' id='word_1_187' title='bbox 378 2469 453 2520; x_wconf 86' lang='lat' dir='ltr'>cara,</span> <span class='ocrx_word' id='word_1_188' title='bbox 473 2448 518 2506; x_wconf 84' lang='lat' dir='ltr'>Tu</span> <span class='ocrx_word' id='word_1_189' title='bbox 538 2468 569 2507; x_wconf 86' lang='lat' dir='ltr'>es</span> <span class='ocrx_word' id='word_1_190' title='bbox 586 2448 660 2506; x_wconf 89' lang='lat' dir='ltr'>Jesu</span> <span class='ocrx_word' id='word_1_191' title='bbox 682 2454 777 2506; x_wconf 86' lang='lat' dir='ltr'>mater</span> <span class='ocrx_word' id='word_1_192' title='bbox 795 2449 881 2521; x_wconf 89' lang='lat' dir='ltr'>bona,</span> <span class='ocrx_word' id='word_1_193' title='bbox 901 2448 948 2506; x_wconf 85' lang='lat' dir='ltr'>Tu</span> <span class='ocrx_word' id='word_1_194' title='bbox 967 2448 1069 2507; x_wconf 83' lang='lat' dir='ltr'>Sancti</span> <span class='ocrx_word' id='word_1_195' title='bbox 1087 2448 1217 2527; x_wconf 84' lang='lat' dir='ltr'>Spiritus</span> <span class='ocrx_word' id='word_1_196' title='bbox 1239 2471 1269 2509; x_wconf 88' lang='lat' dir='ltr'>es</span> 
     </span>
     <span class='ocr_line' id='line_1_27' title="bbox 146 2531 391 2608; baseline -0.012 -18"><span class='ocrx_word' id='word_1_197' title='bbox 146 2532 292 2608; x_wconf 90' lang='lat' dir='ltr'>templum</span> <span class='ocrx_word' id='word_1_198' title='bbox 305 2531 391 2588; x_wconf 79' lang='lat' dir='ltr'>facta.</span> 
     </span>
     <span class='ocr_line' id='line_1_28' title="bbox 62 2609 1268 2689; baseline 0 -18"><span class='ocrx_word' id='word_1_199' title='bbox 62 2613 111 2671; x_wconf 90' lang='lat' dir='ltr'>Tu</span> <span class='ocrx_word' id='word_1_200' title='bbox 124 2632 156 2670; x_wconf 86' lang='lat' dir='ltr'>es</span> <span class='ocrx_word' id='word_1_201' title='bbox 169 2612 293 2689; x_wconf 88' lang='lat' dir='ltr'>pulchra</span> <span class='ocrx_word' id='word_1_202' title='bbox 307 2612 364 2669; x_wconf 88' lang='lat' dir='ltr'>Dei</span> <span class='ocrx_word' id='word_1_203' title='bbox 378 2630 493 2688; x_wconf 70' lang='lat' dir='ltr'>sporus,</span> <span class='ocrx_word' id='word_1_204' title='bbox 509 2610 565 2683; x_wconf 86' lang='lat' dir='ltr'>Tu,</span> <span class='ocrx_word' id='word_1_205' title='bbox 580 2629 678 2687; x_wconf 85' lang='lat' dir='ltr'>regem</span> <span class='ocrx_word' id='word_1_206' title='bbox 693 2609 846 2668; x_wconf 80' lang='lat' dir='ltr'>Christum</span> <span class='ocrx_word' id='word_1_207' title='bbox 861 2610 963 2680; x_wconf 75' lang='lat' dir='ltr'>enirm,-</span> <span class='ocrx_word' id='word_1_208' title='bbox 974 2611 1094 2669; x_wconf 88' lang='lat' dir='ltr'>domina</span> <span class='ocrx_word' id='word_1_209' title='bbox 1107 2632 1138 2670; x_wconf 88' lang='lat' dir='ltr'>es</span> <span class='ocrx_word' id='word_1_210' title='bbox 1151 2613 1184 2669; x_wconf 88' lang='lat' dir='ltr'>in</span> <span class='ocrx_word' id='word_1_211' title='bbox 1198 2613 1268 2672; x_wconf 67' lang='lat' dir='ltr'>carlo</span> 
     </span>
     <span class='ocr_line' id='line_1_29' title="bbox 146 2695 336 2752; baseline 0 -1"><span class='ocrx_word' id='word_1_212' title='bbox 146 2705 177 2752; x_wconf 82' lang='lat' dir='ltr'>ct</span> <span class='ocrx_word' id='word_1_213' title='bbox 198 2695 230 2750; x_wconf 88' lang='lat' dir='ltr'>in</span> <span class='ocrx_word' id='word_1_214' title='bbox 250 2700 336 2751; x_wconf 83' lang='lat' dir='ltr'>terra.</span> 
     </span>
     <span class='ocr_line' id='line_1_30' title="bbox 60 2771 1267 2850; baseline -0.002 -16"><span class='ocrx_word' id='word_1_215' title='bbox 60 2775 165 2834; x_wconf 84' lang='lat' dir='ltr'>Hodie</span> <span class='ocrx_word' id='word_1_216' title='bbox 181 2793 309 2850; x_wconf 87' lang='lat' dir='ltr'>namque</span> <span class='ocrx_word' id='word_1_217' title='bbox 327 2772 415 2830; x_wconf 82' lang='lat' dir='ltr'>cun&#39;ae</span> <span class='ocrx_word' id='word_1_218' title='bbox 436 2771 559 2830; x_wconf 74' lang='lat' dir='ltr'>caelestis</span> <span class='ocrx_word' id='word_1_219' title='bbox 578 2772 635 2830; x_wconf 87' lang='lat' dir='ltr'>tibi</span> <span class='ocrx_word' id='word_1_220' title='bbox 657 2772 775 2829; x_wconf 89' lang='lat' dir='ltr'>obviam</span> <span class='ocrx_word' id='word_1_221' title='bbox 797 2773 916 2849; x_wconf 87' lang='lat' dir='ltr'>agmina</span> <span class='ocrx_word' id='word_1_222' title='bbox 937 2778 967 2830; x_wconf 90' lang='lat' dir='ltr'>te</span> <span class='ocrx_word' id='word_1_223' title='bbox 989 2779 1210 2848; x_wconf 84' lang='lat' dir='ltr'>assumpserunt</span> <span class='ocrx_word' id='word_1_224' title='bbox 1229 2776 1267 2832; x_wconf 85' lang='lat' dir='ltr'>ad</span> 
     </span>
     <span class='ocr_line' id='line_1_31' title="bbox 146 2855 416 2933; baseline -0.007 -21"><span class='ocrx_word' id='word_1_225' title='bbox 146 2855 258 2933; x_wconf 85' lang='lat' dir='ltr'>palatia</span> <span class='ocrx_word' id='word_1_226' title='bbox 277 2855 416 2926; x_wconf 77' lang='lat' dir='ltr'>stellata5</span> 
     </span>
     <span class='ocr_line' id='line_1_32' title="bbox 61 2933 1268 3012; baseline -0.002 -16"><span class='ocrx_word' id='word_1_227' title='bbox 61 2938 154 2996; x_wconf 70' lang='lat' dir='ltr'>iesus</span> <span class='ocrx_word' id='word_1_228' title='bbox 174 2944 206 2994; x_wconf 93' lang='lat' dir='ltr'>et</span> <span class='ocrx_word' id='word_1_229' title='bbox 226 2937 289 3012; x_wconf 87' lang='lat' dir='ltr'>ipse</span> <span class='ocrx_word' id='word_1_230' title='bbox 313 2935 438 2993; x_wconf 80' lang='lat' dir='ltr'>festivus</span> <span class='ocrx_word' id='word_1_231' title='bbox 455 2934 512 2991; x_wconf 89' lang='lat' dir='ltr'>tibi</span> <span class='ocrx_word' id='word_1_232' title='bbox 534 2933 713 2991; x_wconf 88' lang='lat' dir='ltr'>matricum</span> <span class='ocrx_word' id='word_1_233' title='bbox 735 2934 847 3009; x_wconf 80' lang='lat' dir='ltr'>angelis</span> <span class='ocrx_word' id='word_1_234' title='bbox 868 2953 1031 3007; x_wconf 84' lang='lat' dir='ltr'>occurrens,</span> <span class='ocrx_word' id='word_1_235' title='bbox 1055 2935 1123 2993; x_wconf 84' lang='lat' dir='ltr'>sede</span> <span class='ocrx_word' id='word_1_236' title='bbox 1145 2941 1268 3012; x_wconf 84' lang='lat' dir='ltr'>patema</span> 
     </span>
     <span class='ocr_line' id='line_1_33' title="bbox 146 3016 561 3076; baseline -0.002 0"><span class='ocrx_word' id='word_1_237' title='bbox 146 3037 246 3076; x_wconf 85' lang='lat' dir='ltr'>secum</span> <span class='ocrx_word' id='word_1_238' title='bbox 266 3016 376 3074; x_wconf 85' lang='lat' dir='ltr'>locavit</span> <span class='ocrx_word' id='word_1_239' title='bbox 396 3016 428 3072; x_wconf 90' lang='lat' dir='ltr'>in</span> <span class='ocrx_word' id='word_1_240' title='bbox 449 3016 561 3075; x_wconf 81' lang='lat' dir='ltr'>saecula.</span> 
     </span>
     <span class='ocr_line' id='line_1_34' title="bbox 62 3095 1265 3174; baseline -0.001 -16"><span class='ocrx_word' id='word_1_241' title='bbox 62 3100 84 3159; x_wconf 88' lang='lat' dir='ltr'><strong>J</strong></span> <span class='ocrx_word' id='word_1_242' title='bbox 86 3120 135 3157; x_wconf 85' lang='lat' dir='ltr'>am</span> <span class='ocrx_word' id='word_1_243' title='bbox 150 3118 219 3156; x_wconf 91' lang='lat' dir='ltr'>cum</span> <span class='ocrx_word' id='word_1_244' title='bbox 234 3098 298 3154; x_wconf 89' lang='lat' dir='ltr'>Deo</span> <span class='ocrx_word' id='word_1_245' title='bbox 312 3116 434 3174; x_wconf 82' lang='lat' dir='ltr'>regnas3</span> <span class='ocrx_word' id='word_1_246' title='bbox 449 3103 550 3154; x_wconf 89' lang='lat' dir='ltr'>nostra</span> <span class='ocrx_word' id='word_1_247' title='bbox 563 3116 671 3153; x_wconf 84' lang='lat' dir='ltr'>excusa</span> <span class='ocrx_word' id='word_1_248' title='bbox 684 3095 810 3154; x_wconf 91' lang='lat' dir='ltr'>clemens</span> <span class='ocrx_word' id='word_1_249' title='bbox 825 3097 910 3168; x_wconf 82' lang='lat' dir='ltr'>mala,</span> <span class='ocrx_word' id='word_1_250' title='bbox 925 3115 1047 3172; x_wconf 87' lang='lat' dir='ltr'>poscens</span> <span class='ocrx_word' id='word_1_251' title='bbox 1060 3102 1167 3154; x_wconf 84' lang='lat' dir='ltr'>cuncta</span> <span class='ocrx_word' id='word_1_252' title='bbox 1181 3098 1265 3157; x_wconf 87' lang='lat' dir='ltr'>bona.</span> 
     </span>
     <span class='ocr_line' id='line_1_35' title="bbox 147 3178 324 3238; baseline -0.017 0"><span class='ocrx_word' id='word_1_253' title='bbox 147 3181 174 3238; x_wconf 89' lang='lat'>0</span> <span class='ocrx_word' id='word_1_254' title='bbox 195 3178 264 3237; x_wconf 89' lang='lat' dir='ltr'>beni</span> <span class='ocrx_word' id='word_1_255' title='bbox 284 3198 324 3236; x_wconf 85' lang='lat' dir='ltr'>na</span> 
     </span>
     <span class='ocr_line' id='line_1_36' title="bbox 64 3197 1268 3336; baseline 0.002 -17"><span class='ocrx_word' id='word_1_256' title='bbox 64 3261 233 3320; x_wconf 86' lang='lat' dir='ltr'>Mediatrix</span> <span class='ocrx_word' id='word_1_257' title='bbox 245 3197 354 3328; x_wconf 65' lang='lat' dir='ltr'>ndstra,</span> <span class='ocrx_word' id='word_1_258' title='bbox 370 3278 435 3335; x_wconf 85' lang='lat' dir='ltr'>quae</span> <span class='ocrx_word' id='word_1_259' title='bbox 449 3278 479 3315; x_wconf 86' lang='lat' dir='ltr'>es</span> <span class='ocrx_word' id='word_1_260' title='bbox 493 3264 560 3334; x_wconf 88' lang='lat' dir='ltr'>pest</span> <span class='ocrx_word' id='word_1_261' title='bbox 575 3258 672 3315; x_wconf 90' lang='lat' dir='ltr'>Deum</span> <span class='ocrx_word' id='word_1_262' title='bbox 686 3277 752 3333; x_wconf 89' lang='lat' dir='ltr'>spes</span> <span class='ocrx_word' id='word_1_263' title='bbox 765 3258 836 3329; x_wconf 78' lang='lat' dir='ltr'>sola,</span> <span class='ocrx_word' id='word_1_264' title='bbox 852 3266 905 3315; x_wconf 88' lang='lat' dir='ltr'>tno</span> <span class='ocrx_word' id='word_1_265' title='bbox 921 3257 997 3316; x_wconf 86' lang='lat' dir='ltr'>Filio</span> <span class='ocrx_word' id='word_1_266' title='bbox 1013 3278 1067 3316; x_wconf 88' lang='lat' dir='ltr'>nos</span> <span class='ocrx_word' id='word_1_267' title='bbox 1080 3269 1268 3336; x_wconf 79' lang='lat' dir='ltr'>repraesenta,</span> 
     </span>
     <span class='ocr_line' id='line_1_37' title="bbox 65 3337 884 3418; baseline -0.006 -17"><span class='ocrx_word' id='word_1_268' title='bbox 65 3344 112 3402; x_wconf 93' lang='lat' dir='ltr'>Ut</span> <span class='ocrx_word' id='word_1_269' title='bbox 126 3344 160 3399; x_wconf 90' lang='lat' dir='ltr'>in</span> <span class='ocrx_word' id='word_1_270' title='bbox 174 3341 235 3418; x_wconf 88' lang='lat' dir='ltr'>poli</span> <span class='ocrx_word' id='word_1_271' title='bbox 249 3340 317 3397; x_wconf 83' lang='lat' dir='ltr'>auls</span> <span class='ocrx_word' id='word_1_272' title='bbox 330 3340 392 3397; x_wconf 88' lang='lat' dir='ltr'>laeti</span> <span class='ocrx_word' id='word_1_273' title='bbox 408 3339 570 3415; x_wconf 84' lang='lat' dir='ltr'>jubilemus</span> <span class='ocrx_word' id='word_1_274' title='bbox 584 3358 692 3396; x_wconf 88' lang='lat' dir='ltr'>omues.</span> <span class='ocrx_word' id='word_1_275' title='bbox 736 3337 884 3415; x_wconf 82' lang='lat' dir='ltr'>Alleluya.</span> 
     </span>
     <span class='ocr_line' id='line_1_38' title="bbox 124 3432 626 3506; baseline -0.008 -12"><span class='ocrx_word' id='word_1_276' title='bbox 124 3433 293 3494; x_wconf 79' lang='lat' dir='ltr'>Secundum</span> <span class='ocrx_word' id='word_1_277' title='bbox 312 3433 425 3490; x_wconf 75' lang='lat' dir='ltr'>Ducam</span> <span class='ocrx_word' id='word_1_278' title='bbox 445 3432 488 3506; x_wconf 75' lang='lat' dir='ltr'>(x.</span> <span class='ocrx_word' id='word_1_279' title='bbox 506 3432 626 3505; x_wconf 79' lang='lat'><strong><em>38-42).</em></strong></span> 
     </span>
     <span class='ocr_line' id='line_1_39' title="bbox 127 3511 1271 3592; baseline 0.003 -18"><span class='ocrx_word' id='word_1_280' title='bbox 127 3517 166 3574; x_wconf 91' lang='lat' dir='ltr'>In</span> <span class='ocrx_word' id='word_1_281' title='bbox 191 3514 243 3573; x_wconf 92' lang='lat' dir='ltr'>illo</span> <span class='ocrx_word' id='word_1_282' title='bbox 267 3520 408 3590; x_wconf 89' lang='lat' dir='ltr'>tempore,</span> <span class='ocrx_word' id='word_1_283' title='bbox 432 3513 564 3570; x_wconf 81' lang='lat' dir='ltr'>Intravit</span> <span class='ocrx_word' id='word_1_284' title='bbox 586 3513 607 3570; x_wconf 85' lang='lat' dir='ltr'><strong>J</strong></span> <span class='ocrx_word' id='word_1_285' title='bbox 609 3532 675 3570; x_wconf 86' lang='lat' dir='ltr'>esus</span> <span class='ocrx_word' id='word_1_286' title='bbox 699 3511 732 3569; x_wconf 91' lang='lat' dir='ltr'>in</span> <span class='ocrx_word' id='word_1_287' title='bbox 759 3512 907 3588; x_wconf 82' lang='lat' dir='ltr'>quoddam</span> <span class='ocrx_word' id='word_1_288' title='bbox 930 3513 1084 3571; x_wconf 86' lang='lat' dir='ltr'>castellum</span> <span class='ocrx_word' id='word_1_289' title='bbox 1112 3536 1203 3592; x_wconf 75' lang='lat' dir='ltr'>resque</span> <span class='ocrx_word' id='word_1_290' title='bbox 1229 3521 1271 3578; x_wconf 73' lang='lat' dir='ltr'>ari</span> 
     </span>
     <span class='ocr_line' id='line_1_40' title="bbox 63 3593 995 3673; baseline -0.008 -15"><span class='ocrx_word' id='word_1_291' title='bbox 63 3597 166 3658; x_wconf 82' lang='lat' dir='ltr'>Maria</span> <span class='ocrx_word' id='word_1_292' title='bbox 179 3597 323 3673; x_wconf 89' lang='lat' dir='ltr'>optimam</span> <span class='ocrx_word' id='word_1_293' title='bbox 337 3601 451 3672; x_wconf 87' lang='lat' dir='ltr'>partem</span> <span class='ocrx_word' id='word_1_294' title='bbox 466 3593 564 3671; x_wconf 86' lang='lat' dir='ltr'>elegit,</span> <span class='ocrx_word' id='word_1_295' title='bbox 579 3613 646 3669; x_wconf 85' lang='lat' dir='ltr'>quse</span> <span class='ocrx_word' id='word_1_296' title='bbox 660 3612 721 3650; x_wconf 89' lang='lat' dir='ltr'>non</span> <span class='ocrx_word' id='word_1_297' title='bbox 735 3593 888 3651; x_wconf 81' lang='lat' dir='ltr'>auferetur</span> <span class='ocrx_word' id='word_1_298' title='bbox 901 3594 939 3651; x_wconf 89' lang='lat' dir='ltr'>ab</span> <span class='ocrx_word' id='word_1_299' title='bbox 953 3614 995 3652; x_wconf 87' lang='lat' dir='ltr'>ca.</span> 
     </span>
     <span class='ocr_line' id='line_1_41' title="bbox 126 3677 230 3736; baseline -0.019 0"><span class='ocrx_word' id='word_1_300' title='bbox 126 3677 230 3736; x_wconf 82' lang='lat' dir='ltr'>Credo.</span> 
     </span>
     <span class='ocr_line' id='line_1_42' title="bbox 131 3758 324 3833; baseline -0.016 -15"><span class='ocrx_word' id='word_1_301' title='bbox 131 3758 324 3833; x_wconf 73' lang='lat' dir='ltr'>offertorium</span> 
     </span>
     <span class='ocr_line' id='line_1_43' title="bbox 127 3835 1269 3915; baseline 0.002 -18"><span class='ocrx_word' id='word_1_302' title='bbox 127 3840 246 3897; x_wconf 83' lang='lat' dir='ltr'>Diffusa</span> <span class='ocrx_word' id='word_1_303' title='bbox 269 3846 314 3897; x_wconf 85' lang='lat' dir='ltr'>est</span> <span class='ocrx_word' id='word_1_304' title='bbox 337 3837 434 3915; x_wconf 84' lang='lat' dir='ltr'>gratia</span> <span class='ocrx_word' id='word_1_305' title='bbox 456 3837 488 3894; x_wconf 88' lang='lat' dir='ltr'>in</span> <span class='ocrx_word' id='word_1_306' title='bbox 512 3835 599 3894; x_wconf 87' lang='lat' dir='ltr'>labiis</span> <span class='ocrx_word' id='word_1_307' title='bbox 622 3835 703 3894; x_wconf 90' lang='lat' dir='ltr'>tuis:</span> <span class='ocrx_word' id='word_1_308' title='bbox 723 3841 880 3913; x_wconf 88' lang='lat' dir='ltr'>propterea</span> <span class='ocrx_word' id='word_1_309' title='bbox 904 3836 1058 3896; x_wconf 84' lang='lat' dir='ltr'>benedixit</span> <span class='ocrx_word' id='word_1_310' title='bbox 1081 3844 1112 3897; x_wconf 86' lang='lat' dir='ltr'>te</span> <span class='ocrx_word' id='word_1_311' title='bbox 1133 3839 1216 3898; x_wconf 87' lang='lat' dir='ltr'>Deus</span> <span class='ocrx_word' id='word_1_312' title='bbox 1236 3843 1269 3899; x_wconf 92' lang='lat' dir='ltr'>in</span> 
     </span>
     <span class='ocr_line' id='line_1_44' title="bbox 62 3917 575 3982; baseline -0.016 0"><span class='ocrx_word' id='word_1_313' title='bbox 62 3930 212 3982; x_wconf 73' lang='lat' dir='ltr'>arternum</span> <span class='ocrx_word' id='word_1_314' title='bbox 225 3927 256 3978; x_wconf 89' lang='lat' dir='ltr'>et</span> <span class='ocrx_word' id='word_1_315' title='bbox 270 3920 301 3976; x_wconf 89' lang='lat' dir='ltr'>in</span> <span class='ocrx_word' id='word_1_316' title='bbox 315 3918 455 3978; x_wconf 82' lang='lat' dir='ltr'>soeculum</span> <span class='ocrx_word' id='word_1_317' title='bbox 468 3917 575 3975; x_wconf 70' lang='lat' dir='ltr'>saeculi</span> 
     </span>
    </p>
   </div>
   <div class='ocr_carea' id='block_1_4' title="bbox 127 4014 1270 4171">
    <p class='ocr_par' dir='ltr' id='par_1_5' title="bbox 127 4014 1270 4171">
     <span class='ocr_line' id='line_1_45' title="bbox 127 4014 1270 4171; baseline 0 -17"><span class='ocrx_word' id='word_1_318' title='bbox 127 4014 301 4165; x_wconf 49' lang='lat' dir='ltr'>{mmet</span> <span class='ocrx_word' id='word_1_319' title='bbox 315 4111 491 4170; x_wconf 68' lang='lat' dir='ltr'>quesumus,</span> <span class='ocrx_word' id='word_1_320' title='bbox 507 4089 644 4162; x_wconf 88' lang='lat' dir='ltr'>Domine,</span> <span class='ocrx_word' id='word_1_321' title='bbox 658 4090 738 4168; x_wconf 87' lang='lat' dir='ltr'>plebi</span> <span class='ocrx_word' id='word_1_322' title='bbox 752 4098 811 4148; x_wconf 85' lang='lat' dir='ltr'>tuae</span> <span class='ocrx_word' id='word_1_323' title='bbox 826 4090 884 4149; x_wconf 93' lang='lat' dir='ltr'>Dei</span> <span class='ocrx_word' id='word_1_324' title='bbox 897 4091 1053 4169; x_wconf 85' lang='lat' dir='ltr'>genetricis</span> <span class='ocrx_word' id='word_1_325' title='bbox 1066 4094 1170 4167; x_wconf 84' lang='lat' dir='ltr'>oratic,</span> <span class='ocrx_word' id='word_1_326' title='bbox 1181 4115 1270 4171; x_wconf 87' lang='lat' dir='ltr'>quam</span> 
     </span>
    </p>
   </div>
   <div class='ocr_carea' id='block_1_5' title="bbox 63 4172 1271 4338">
    <p class='ocr_par' dir='ltr' id='par_1_6' title="bbox 63 4172 1271 4338">
     <span class='ocr_line' id='line_1_46' title="bbox 63 4172 1271 4255; baseline -0.002 -18"><span class='ocrx_word' id='word_1_327' title='bbox 63 4178 123 4237; x_wconf 83' lang='lat' dir='ltr'>etsi</span> <span class='ocrx_word' id='word_1_328' title='bbox 136 4196 191 4255; x_wconf 80' lang='lat' dir='ltr'>pro</span> <span class='ocrx_word' id='word_1_329' title='bbox 204 4175 372 4234; x_wconf 88' lang='lat' dir='ltr'>conditione</span> <span class='ocrx_word' id='word_1_330' title='bbox 388 4173 484 4231; x_wconf 86' lang='lat' dir='ltr'>cernis</span> <span class='ocrx_word' id='word_1_331' title='bbox 494 4173 632 4248; x_wconf 82' lang='lat' dir='ltr'>migrasse</span> <span class='ocrx_word' id='word_1_332' title='bbox 645 4172 854 4248; x_wconf 83' lang='lat' dir='ltr'>cognoscimus,</span> <span class='ocrx_word' id='word_1_333' title='bbox 874 4172 906 4229; x_wconf 91' lang='lat' dir='ltr'>in</span> <span class='ocrx_word' id='word_1_334' title='bbox 920 4172 1028 4230; x_wconf 77' lang='lat' dir='ltr'>caelesti</span> <span class='ocrx_word' id='word_1_335' title='bbox 1041 4174 1135 4252; x_wconf 84' lang='lat' dir='ltr'>glorie</span> <span class='ocrx_word' id='word_1_336' title='bbox 1147 4177 1225 4253; x_wconf 88' lang='lat' dir='ltr'>apud</span> <span class='ocrx_word' id='word_1_337' title='bbox 1240 4185 1271 4236; x_wconf 88' lang='lat' dir='ltr'>to</span> 
     </span>
     <span class='ocr_line' id='line_1_47' title="bbox 65 4248 925 4338; baseline -0.008 -21"><span class='ocrx_word' id='word_1_338' title='bbox 65 4279 121 4338; x_wconf 91' lang='lat' dir='ltr'>pro</span> <span class='ocrx_word' id='word_1_339' title='bbox 133 4257 220 4316; x_wconf 88' lang='lat' dir='ltr'>nobis</span> <span class='ocrx_word' id='word_1_340' title='bbox 233 4275 317 4314; x_wconf 84' lang='lat' dir='ltr'>orare</span> <span class='ocrx_word' id='word_1_341' title='bbox 329 4255 498 4314; x_wconf 86' lang='lat' dir='ltr'>sentiamus.</span> <span class='ocrx_word' id='word_1_342' title='bbox 541 4253 600 4310; x_wconf 90' lang='lat' dir='ltr'>Per</span> <span class='ocrx_word' id='word_1_343' title='bbox 612 4254 739 4310; x_wconf 90' lang='lat' dir='ltr'>eundem</span> <span class='ocrx_word' id='word_1_344' title='bbox 753 4248 925 4312; x_wconf 89' lang='lat' dir='ltr'>Dominum.</span> 
     </span>
    </p>
   </div>
   <div class='ocr_carea' id='block_1_6' title="bbox 126 4338 755 4521">
    <p class='ocr_par' dir='ltr' id='par_1_7' title="bbox 126 4338 755 4521">
     <span class='ocr_line' id='line_1_48' title="bbox 126 4338 684 4428; baseline -0.013 -17"><span class='ocrx_word' id='word_1_345' title='bbox 126 4338 298 4428; x_wconf 50' lang='lat' dir='ltr'>Proesatiof</span> <span class='ocrx_word' id='word_1_346' title='bbox 320 4348 361 4407; x_wconf 85' lang='lat' dir='ltr'>Et</span> <span class='ocrx_word' id='word_1_347' title='bbox 374 4354 404 4407; x_wconf 91' lang='lat' dir='ltr'>te</span> <span class='ocrx_word' id='word_1_348' title='bbox 417 4348 449 4406; x_wconf 92' lang='lat' dir='ltr'>in</span> <span class='ocrx_word' id='word_1_349' title='bbox 463 4345 684 4424; x_wconf 86' lang='lat' dir='ltr'>Assumptione.</span> 
     </span>
     <span class='ocr_line' id='line_1_49' title="bbox 587 4472 755 4521; baseline -0.018 1"><span class='ocrx_word' id='word_1_350' title='bbox 587 4475 600 4498; x_wconf 85' lang='grc'><em>“</em></span> <span class='ocrx_word' id='word_1_351' title='bbox 617 4472 755 4521; x_wconf 65' lang='lat' dir='ltr'>ons-ns</span> 
     </span>
    </p>
   </div>
   <div class='ocr_carea' id='block_1_7' title="bbox 0 0 1410 4920">
    <p class='ocr_par' dir='ltr' id='par_1_8' title="bbox 0 0 1410 4920">
     <span class='ocr_line' id='line_1_50' title="bbox 0 0 1410 4920; baseline 0 0"><span class='ocrx_word' id='word_1_352' title='bbox 0 0 1410 4920; x_wconf 95' lang='lat' dir='ltr'> </span> 
     </span>
    </p>
   </div>
  </div>
 </body>
</html>
