2806 4920
444 300 623 394 Suffragia
647 302 858 370 eommunis„

277 510 328 570 Ds
348 527 483 570 omsmus
504 510 633 570 Ssncrrs
652 528 687 569 rr
706 528 848 571 rastrosrr
868 512 1032 576 Psscrssur.

116 685 240 758 Prsesta,
254 704 432 763 quesumus,
445 685 633 762 omnipotens
655 693 686 744 et
707 686 873 746 misericors
895 688 986 760 Deus,
1000 689 1082 747 utin
1098 689 1254 749 Resurrec-

49 767 139 826 tione
160 767 284 826 Domini
304 767 401 824 nostri
423 766 498 826 Jesu
525 766 638 825 Christi
663 787 731 825 cum
757 769 895 827 omnibus
919 769 1035 828 Sanctis
1058 771 1255 849 percipiamus

49 849 201 908 veraciter
213 848 387 925 portionem.
430 846 492 918 Qui
504 852 611 907 tecum.

115 928 239 988 Secreta.

118 1009 315 1069 Clementiam
347 1015 441 1080 tuem,
474 1007 612 1081 Domine,
639 1008 813 1085 suppliciter
845 1030 1007 1085 exoramus,
1036 1019 1072 1071 ut
1105 1013 1255 1073 Paschalis

54 1091 190 1151 muneris
212 1098 429 1150 sacramentum
452 1089 531 1166 quod
546 1089 605 1148 iide
622 1090 785 1164 recolimus,
801 1097 832 1149 et
851 1111 902 1169 spe
914 1092 1114 1153 desideramus
1134 1095 1253 1168 intenti,

54 1178 201 1251 perpetua
226 1179 281 1229 tus
306 1171 463 1229 dilectione
485 1190 552 1229 cum
579 1170 715 1228 omnibus
742 1171 858 1230 Sanctis
880 1173 949 1246 tuis,
970 1175 1003 1231 in
1027 1175 1254 1235 Resurrections

58 1253 184 1312 Domini
195 1252 291 1310 nostri
303 1252 326 1311 J
327 1271 378 1309 esu
392 1250 506 1310 Christi
518 1250 590 1308 Filii
603 1251 651 1310 tui
663 1252 819 1329 capiamus.
862 1253 921 1312 Per
933 1255 1067 1313 eundem.

119 1333 361 1392 Postsommunio.

42 1480 45 1486 ,
120 1415 186 1473 Tua
205 1434 267 1488 nos,
282 1433 458 1491 quaesumus,
479 1411 618 1486 Domine,
634 1432 700 1488 quce
724 1416 902 1491 sumpsimus
924 1422 1026 1475 sancta
1045 1417 1210 1494 purificent,
1225 1424 1257 1476 et

57 1495 239 1573 operationis
252 1515 312 1553 suae
326 1493 454 1553 remedio
466 1493 524 1551 tibi
537 1514 604 1551 cum
625 1495 762 1552 omnibus
780 1495 896 1554 Sanctis
909 1498 969 1555 tuis
983 1497 1016 1556 in
1030 1497 1256 1557 Resurrectione

59 1576 185 1717 Doqrini
211 1576 305 1635 nostri
331 1574 353 1634 J
355 1594 407 1633 esu
430 1574 544 1633 Christi
570 1573 642 1632 Filii
670 1576 716 1633 tui
742 1578 896 1654 perficiant
922 1598 984 1636 esse
1010 1579 1146 1657 placatos
1197 1579 1256 1638 Pe'r

58 1678 118 1717 eun
139 1677 195 1716 em.

124 1869 212 1930 om·
322 1787 424 1847 Mrsss
445 1787 625 1846 Gnrsasnrs
645 1804 687 1847 nn
707 1805 843 1848 emersus
864 1790 1000 1851 Ssrscns.

121 1952 155 2009 A
180 1890 295 2008 ciriictis
321 1969 384 2023 nos,
413 1949 551 2021 Domine,
579 1950 688 2007 mentis
711 1957 742 2008 et
765 1951 893 2028 corporis
917 1952 1040 2012 deiende
1060 1954 1208 2032 periculis,
1228 1961 1260 2014 et

59 2031 262 2092 intercedente
281 2030 407 2107 gloriosa
426 2030 543 2108 virgine
560 2029 619 2088 Dei
637 2032 785 2107 genetrice
806 2032 903 2091 Muris
921 2054 989 2092 cum
1006 2034 1101 2093 bmtis
1121 2036 1261 2113 apostolis

60 2115 123 2172 tuis
141 2112 232 2171 Petro
254 2118 285 2170 et
302 2111 397 2169 Paulo
410 2117 441 2169 et
458 2111 595 2169 omnibus
613 2111 737 2184 Sanctis,
751 2113 877 2172 salutem
894 2115 979 2173 nobis
999 2117 1098 2174 tribue
1115 2117 1260 2194 benignus

60 2202 92 2253 et
105 2213 217 2271 pacem,
227 2199 264 2250 ut
276 2191 433 2250 destructis
447 2191 676 2250 adversitatibus
689 2201 721 2250 et
731 2195 881 2254 erroribus
892 2196 1048 2270 universis,
1062 2197 1194 2256 Ecclesia
1206 2204 1260 2256 tua

61 2283 165 2335 secura
177 2273 235 2332 tibi
248 2273 359 2332 serviat
371 2273 518 2332 libertate.
560 2272 626 2332 Per.

122 2355 244 2495 mig
260 2453 323 2506 nos,
339 2434 421 2493 Deus
443 2433 580 2493 salubris
597 2440 707 2507 noster,
723 2441 755 2493 et
770 2436 972 2497 intercedente
992 2439 1080 2498 besta
1092 2445 1124 2499 et
1136 2410 1263 2518 gloriosa

61 2535 236 2595 semperque
260 2515 376 2593 virgine
403 2514 503 2573 Maria
529 2535 598 2573 cum
622 2516 716 2574 beatis
738 2517 878 2593 apostolis
905 2520 966 2576 tuis
994 2520 1086 2579 Petro
1112 2528 1143 2579 et
1168 2521 1262 2580 Pauio

62 2598 227 2675 ceterisque
251 2596 367 2656 Sanctis
392 2598 537 2668 omnibus,
556 2617 610 2675 per·
632 2595 724 2673 hujus
749 2599 894 2657 virtutem
918 2603 1093 2660 sacramenti
1110 2622 1129 2660 a
1150 2604 1264 2661 cunctis

61 2699 116 2738 nos
129 2679 239 2737 mentis
256 2685 287 2736 et
299 2679 429 2756 corporis
448 2676 585 2736 hostibus
599 2676 720 2751 tuearis,
734 2680 862 2755 gratiam
879 2680 1014 2739 tribuens
1027 2682 1060 2739 in
1081 2683 1221 2758 praesenti
1232 2689 1264 2741 et

62 2761 186 2840 gloriam
201 2759 233 2816 in
246 2758 356 2818 futuro.
399 2758 465 2818 Per.
1242 2800 1245 2805 -

123 2840 365 2899 Postcommunio.

53 2968 56 2975 .
123 2920 254 2980 Mundet
266 2927 298 2980 et
310 2920 427 2978 muniat
440 2940 503 2990 nos,
518 2938 695 2998 quaesumus,
707 2921 845 2994 Domine,
857 2921 952 2980 divini
965 2924 1141 2981 sacramenti
1154 2942 1263 2983 munus

62 3003 205 3074 oblatum,
234 3009 270 3060 ut
304 3001 504 3060 intercedente
538 3002 626 3060 beata
651 3002 768 3079 virgine
795 3002 853 3061 Dei
887 3004 1034 3080 genetrice
1070 3004 1169 3062 Maria
1195 3024 1263 3064 cum

63 3082 204 3162 apostolis
224 3083 285 3140 tuis
303 3083 393 3141 Petro
410 3089 441 3140 et
458 3082 553 3140 Paulo
571 3090 602 3140 et
618 3083 755 3141 omnibus
777 3082 901 3154 Sanctis,
919 3103 938 3141 a
951 3085 1065 3143 cunctis
1084 3104 1138 3143 nos
1158 3086 1263 3145 reddat

63 3164 308 3242 perversitatibus
339 3163 472 3240 expiatos
503 3170 534 3222 et
566 3163 795 3223 adversitatibus
825 3164 987 3242 expeditos,
1024 3165 1100 3225 Jesu
1136 3166 1263 3240 Christe,

64 3245 202 3306 Salvator
214 3243 326 3304 mundi.
370 3245 431 3316 Qui
444 3264 512 3303 cum
525 3243 624 3304 Patre.

65 3466 186 3526 Onsrro
215 3477 351 3522 nrcnrms
379 3477 422 3520 ns
450 3476 585 3520 currens
615 3459 741 3518 Smcms
770 3473 804 3516 rr
829 3458 1006 3533 Deumrcrs,
1032 3474 1071 3518 rr
1095 3476 1129 3519 nr
1155 3459 1262 3518 Fnsms

501 3558 606 3601 rsovnrs
627 3541 819 3601 Lucrrosurs.
1185 3567 1187 3570 ⁴

127 3625 237 3686 Oratio.

125 3707 267 3778 Oenoede,
286 3723 462 3782 quaesumus,
483 3704 669 3781 omnipotens
692 3707 724 3761 et
744 3703 909 3761 misericors
927 3702 1018 3773 Deus,
1039 3708 1075 3760 ut
1095 3701 1263 3760 intercessio

65 3795 175 3848 sancte
193 3787 252 3846 Dei
268 3785 425 3864 genetricis
442 3804 612 3863 semperque
626 3783 750 3861 virginis
769 3783 873 3842 Murice
886 3791 1112 3859 sanctarumque
1130 3781 1263 3840 omnium

65 3869 391 3929 celestium'virtutum
412 3872 444 3925 et
464 3866 617 3924 beatorum
636 3865 882 3937 Petriamhsrum,
898 3864 1121 3941 Prophetarum,
1136 3865 1264 3939 Aposto-

65 3951 172 4023 lorum
193 3950 372 4025 Martyrum,
391 3946 605 4015 Oonfeesorum,
619 3953 709 4022 atque
725 3945 887 4023 Virginum
905 3951 936 4002 st
952 3943 1084 4002 omnium
1102 3944 1263 4002 electorum

63 4040 187 4091 tuorum
199 4050 255 4088 nos
268 4030 377 4106 ubique
390 4028 528 4101 letificet,
543 4034 579 4085 ut
592 4027 663 4085 dum
683 4046 785 4085 eorum
802 4027 910 4085 merita
921 4025 1085 4097 recolimus,
1100 4023 1270 4102 patrocinis

65 4114 235 4173 sentiamus
277 4110 344 4170 Per.

125 4192 252 4346 ³3⁶5:ss
280 4269 418 4342 Domine,
442 4270 558 4348 placare
588 4244 769 4342 muneribus,
798 4274 828 4326 et
863 4258 1174 4326 intercedente'bcata
1205 4266 1264 4325 Dei

67 4357 215 4436 genetrice
231 4371 403 4430 semperque
416 4352 532 4428 virgine
551 4351 650 4409 Maris.
667 4370 734 4409 cum
752 4349 888 4407 omnibus
906 4348 1022 4409 Sanctis
1035 4349 1104 4421 tuis,
1119 4368 1138 4405 c
1151 4347 1265 4406 cunetis

67 4456 121 4498 nos
134 4434 258 4495 deiende
269 4434 415 4512 periculis.
457 4432 524 4491 Per.
