2804 4920
369 319 464 385 Dom.
487 319 561 386 ciii.
579 326 656 406 poet
679 319 744 387 oet.
767 320 974 388 Pentecosten
1210 327 1270 390 189

266 535 427 593 Doursrcs
448 535 575 593 Ocrsv's
596 551 668 594 sosr
693 535 836 594 Ocrsvls
857 536 1077 597 Pmsrsoosrns.

131 641 320 800 gfflpijus
334 722 425 794 Deus,
439 721 671 781 misericordiam
685 729 770 781 tuam
783 724 816 781 in
835 724 932 782 medio
953 726 1058 802 templi
1079 727 1145 784 tui:
1174 746 1274 786 secun-

64 804 267 944 gffieffirffi
276 810 374 877 tuum,
389 803 480 878 Deus,
495 804 539 862 ite
552 810 583 863 et
595 803 661 863 leus
674 810 727 863 tus
740 805 773 862 in
786 805 860 864 fines
873 812 970 880 terrae,
985 808 1106 884 justitie
1123 808 1212 886 plens
1230 818 1275 868 est

129 977 269 1136 {munst
268 1022 275 1036 υ
283 1058 439 1131 Dominus,
465 1064 496 1118 et
520 1058 677 1118 laudabilis
699 1059 808 1119 nimis:
839 1060 873 1118 in
896 1061 1018 1120 civitate
1038 1062 1097 1120 Dei
1116 1064 1220 1135 nostri,
1241 1065 1272 1121 in

65 1145 171 1197 monte
184 1146 286 1198 sancto
299 1141 370 1217 ejus

131 1231 242 1291 Oratio.

129 1312 221 1386 Deus,
236 1314 320 1390 cujus
333 1314 523 1391 providentie
536 1315 629 1373 insui
643 1314 834 1391 dispositione
851 1334 913 1373 non
931 1315 1055 1390 fallitur,
1073 1323 1104 1375 te
1126 1319 1272 1395 supplices

64 1413 235 1467 exoremus,
245 1401 280 1453 ut
293 1396 384 1453 noxis.
396 1401 505 1453 cuncta
518 1396 693 1454 submovens
703 1403 734 1454 et
744 1397 845 1455 omnia
856 1397 943 1455 nobis
956 1401 1112 1474 profutura
1122 1401 1269 1459 concedes.

65 1475 129 1533 Per
142 1475 307 1534 Dominum
320 1483 463 1535 nostrum.

127 1568 178 1628 Ad
191 1568 340 1629 Rcmuows
352 1571 432 1647 (viii.
451 1569 568 1648 12-17)
589 1586 591 1591 ’

128 1650 271 1710 Fratres:
295 1652 454 1710 Debitores
474 1672 576 1711 sumus
589 1671 650 1709 non
664 1651 755 1723 carni,
769 1658 805 1708 ut
824 1653 986 1711 secundum
1003 1673 1121 1713 carnem
1134 1653 1271 1714 vivemus

62 1751 158 1807 usquc
171 1733 213 1790 ad
225 1732 347 1791 heredes
360 1733 481 1810 quidem
495 1734 562 1805 Dei,
577 1732 730 1792 coheredes
743 1738 844 1791 autem
858 1732 978 1792 Christi.

127 1824 291 1965 {im
308 1906 342 1965 in
359 1906 458 1966 Deum
480 1912 696 1984 protectorem:
726 1913 757 1965 et
777 1906 811 1964 in
833 1907 953 1966 domum
970 1909 1087 1986 refugii,
1102 1915 1137 1967 ut
1155 1911 1269 1970 salvum

63 2006 115 2124 lie
127 1985 226 2140 fllllll
235 2068 269 2126 in
281 2074 312 2128 te
325 2069 452 2146 speravi,
466 2068 596 2127 Domine
610 2090 616 2127 :
637 2087 697 2127 non
711 2068 876 2127 confundor
888 2069 922 2127 in
935 2075 1086 2128 ueternum.

62 2148 277 2288 Eleiusfldlm
327 2150 356 2208 V.
379 2150 422 2209 Te
442 2150 526 2209 decet
545 2151 675 2227 hymnus
688 2150 721 2207 in
735 2150 825 2208 Sion:
846 2155 878 2208 et
890 2150 948 2208 tibi
965 2151 1106 2209 reddetur
1119 2159 1224 2211 votum
1236 2153 1269 2211 in

211 2251 265 2289 em.

126 2321 295 2382 Secundum
308 2323 484 2382 Mattleaeum
500 2323 568 2402 (vii.
587 2324 704 2400 15-21).

126 2403 167 2462 In
190 2404 243 2462 illo
269 2411 413 2482 tempore,
439 2405 529 2463 Dixit
552 2405 574 2464 J
576 2425 642 2463 esus
662 2404 815 2482 discipulis
839 2405 900 2462 suis
912 2425 921 2478 ;
962 2406 1123 2466 Attendite
1146 2427 1165 2465 e
1187 2407 1270 2466 falsis

60 2483 217 2561 prophetis
230 2506 321 2561 neque
334 2487 375 2544 ad
388 2486 439 2545 sed
452 2487 505 2564 qui
517 2486 590 2545 fecit
605 2487 791 2545 voluntatem
805 2485 906 2544 Petris
920 2488 988 2559 mei,
1002 2488 1056 2564 qui
1072 2489 1105 2546 in
1123 2488 1201 2547 caelis
1214 2498 1268 2562 est,

60 2567 129 2643 ipse
142 2566 270 2625 intrabit
282 2566 316 2624 in
329 2587 454 2646 regnum
468 2567 613 2626 caelorum.

127 2657 323 2734 offertorium.

126 2739 275 2817 Populum
298 2741 442 2799 humilem
465 2741 580 2799 salvum
600 2741 696 2813 facies,
717 2739 846 2798 Domine
861 2761 867 2798 :
899 2748 931 2798 et
953 2741 1052 2799 oculos
1075 2743 1267 2820 superborum

60 2821 246 2894 humiliabis,
261 2823 403 2899 quoniam
417 2823 483 2899 quis
497 2823 579 2880 Deus
592 2828 701 2898 praeter
713 2827 753 2893 te,
768 2821 920 2879 Dominel

123 2913 246 2974 Secreto.

125 2994 216 3067 Deus,
231 2995 285 3073 qui
298 2995 437 3073 legalium
450 2994 648 3054 differentiam
662 2994 826 3052 hostiarum
839 2994 929 3052 unius
941 2994 1076 3052 sacrificii
1089 2995 1268 3072 perfectione

59 3077 209 3150 sanxisti3
232 3077 331 3153 accipe
349 3077 525 3136 sacrificium
541 3097 560 3135 a
577 3076 691 3134 devotis
708 3076 766 3133 tibi
786 3075 913 3148 famulis,
929 3083 960 3133 et
981 3077 1046 3153 pari
1065 3077 1267 3138 benedictione

59 3158 142 3215 sicut
155 3177 280 3217 munere
292 3158 373 3216 Abel
387 3159 538 3221 sanctifice
549 3178 559 3232 5
579 3164 615 3214 ut
629 3157 707 3234 quod
721 3156 831 3234 singuli
849 3157 1024 3215 obtulerunt
1044 3157 1083 3215 sd
1103 3159 1268 3235 majestatis

60 3246 123 3296 tuse
137 3238 289 3311 honorem,
304 3239 419 3297 cunctis
431 3239 567 3317 proficiet
580 3239 618 3297 ad
631 3238 765 3297 salutem.
808 3237 874 3296 Per.

124 3329 305 3391 Communi).

123 3411 259 3485 Gustetc,
281 3421 313 3471 et
336 3413 436 3473 videte
456 3413 598 3490 quonium
620 3412 720 3471 suevis
743 3419 789 3470 est
811 3411 979 3470 Dominus:
1005 3413 1110 3470 beatus
1133 3414 1189 3488 vir,
1214 3418 1266 3492 qui

61 3503 164 3568 speret
176 3495 209 3551 in
222 3513 265 3553 ec.

123 3584 365 3646 Poeteemmunio.

124 3665 189 3725 Tus
207 3687 269 3738 nos,
284 3666 423 3738 Domine,
445 3666 630 3726 medicinalis
650 3666 791 3744 operatio,
810 3672 841 3724 et
858 3686 876 3724 s
894 3666 1003 3723 nostris
1023 3667 1265 3742 perversitatibus

62 3744 223 3806 clementer
235 3748 384 3826 expediet,
398 3749 480 3807 etad
494 3768 529 3807 es.
541 3768 608 3826 quae
622 3755 703 3806 reeta
715 3754 787 3806 sunt
804 3747 952 3824 perducat
996 3747 1061 3806 Per.

532 3935 633 3994 Funus
655 3936 792 4007 Querens,

124 4028 174 4088 Ad
186 4031 335 4090 Ennianos
347 4031 389 4110 (v.
407 4032 505 4111 8-11).

127 4109 262 4171 Fratres:
287 4113 402 4172 Scimus
416 4114 564 4191 quonism,
584 4133 651 4172 cum
669 4112 765 4171 adhuc
787 4119 952 4189 peccatores
970 4132 1098 4171 essemus
1119 4135 1209 4190 usque
1222 4119 1264 4176 ad

71 4189 117 4247 sed
135 4197 164 4249 et
185 4193 346 4271 gloriemur
359 4195 392 4253 in
407 4195 480 4266 Deo,
495 4195 554 4252 Per
566 4195 588 4253 J
590 4214 672 4253 esum
686 4194 850 4267 Christum,
866 4194 1030 4251 Dominum
1045 4201 1188 4256 nostrum.

127 4283 289 4346 demendum
302 4288 441 4347 Marcum
454 4289 510 4365 (ix.
528 4288 643 4366 37-47).

128 4363 164 4423 Iu
188 4367 240 4427 illo
267 4375 408 4447 tempore,
436 4370 526 4427 Dixit
551 4369 573 4427 J
575 4369 706 4427 ohannes
733 4368 771 4428 ad
797 4369 819 4428 J
820 4389 903 4427 esum
915 4391 920 4426 :
952 4368 1104 4446 Magister,
1134 4372 1263 4434 vidimus

81 4445 211 4516 quendem
223 4449 256 4508 in
268 4451 389 4511 nomine
402 4457 455 4509 tuo
468 4471 559 4526 usque
573 4451 614 4510 od
627 4457 659 4509 et
672 4450 749 4529 ignis
763 4470 823 4509 non
837 4449 1032 4528 extinguitur.
