2804 4920
134 315 177 378 30
518 314 567 380 Iu
591 313 720 380 Octauio
742 313 957 401 epiphanie.

192 481 360 541 Secundum
372 481 538 541 Jouannem
552 481 588 559 (i
607 481 722 559 29-34).

191 563 232 655 In
241 562 296 656 illo
310 570 449 657 tempore,
466 561 555 621 Vidit
574 562 595 621 J
598 563 729 623 ohannes
741 563 763 621 J
765 583 847 622 esum
860 563 1029 622 venientem
1043 583 1134 639 usque
1147 565 1190 623 ad
1207 564 1279 641 quis
1290 564 1331 623 hic

129 649 176 702 est
190 643 485 795 gislildsstpllominieo
498 723 582 801 iufra
597 724 719 783 Octavus
731 746 792 784 uon
805 726 934 796 evenerit,
952 734 1021 783 tuno
1034 725 1068 783 iu
1085 735 1195 801 quarto
1209 725 1298 786 Fer-io
1308 736 1330 785 et

127 814 207 864 sexta
220 805 305 883 infru
320 805 441 865 Oetaeae
454 806 567 880 [epam
579 805 630 864 hoe
638 807 815 882 predictum
828 805 1032 882 Evanqelium.

530 961 571 1018 Iu
592 960 937 1021 Ocmv1sEr1rnsu1n.

191 1075 329 1151 Officium.
373 1075 449 1134 Ecce
462 1075 584 1133 advenit
597 1074 772 1133 dominator.

188 1156 297 1216 Oratio

185 1239 276 1310 Deus,
290 1239 374 1315 cujus
384 1238 566 1314 Unigenitus
579 1237 612 1295 in
626 1236 792 1295 substantia
806 1242 914 1294 nostrae
929 1236 1025 1295 earnis
1038 1237 1196 1313 apperuit:
1217 1242 1324 1314 preste,

122 1338 300 1396 quaesumus,
325 1327 359 1376 ut
384 1338 437 1395 per
460 1339 537 1390 eum,
562 1337 650 1395 quem
677 1318 804 1376 similem
831 1317 916 1376 nobis
943 1317 1014 1375 soris
1041 1317 1227 1395 agnovimus,
1251 1317 1324 1375 intus

123 1401 276 1459 reformari
288 1419 460 1458 mereamur.
505 1400 564 1469 Qui
578 1406 682 1457 tecum

182 1482 329 1539 illemoria
341 1483 376 1538 de
390 1480 496 1538 Samo
509 1480 629 1538 Hilario
644 1489 669 1537 et
683 1478 826 1555 Remiyio.

184 1563 281 1621 Lectio
294 1562 392 1620 Esaioe
405 1561 555 1637 Prophetes
568 1560 665 1638 (xi-i.)

182 1643 311 1701 Domine
325 1643 407 1701 Deus
421 1662 503 1700 meus
516 1642 714 1699 honorificabo
727 1647 776 1714 te;
796 1639 913 1699 leudem
927 1640 1059 1700 tribuam
1073 1640 1190 1700 nomini
1203 1647 1264 1715 tuo,
1277 1639 1321 1717 qui

120 1723 192 1782 facis
206 1724 354 1782 mirabiles
368 1744 421 1782 res.
461 1723 624 1782 Consilium
639 1730 725 1780 tuum
738 1722 895 1798 antiquum
909 1741 1014 1780 verum
1031 1724 1091 1780 list
1129 1722 1266 1795 Domine,
1278 1741 1320 1780 ex·

120 1806 232 1862 celsum
246 1811 291 1863 est
303 1805 455 1863 brachium
470 1811 574 1862 tuum:
603 1803 686 1861 Deus
700 1803 839 1875 Sabaoth,
855 1822 961 1861 corona
982 1803 1053 1880 spei,
1075 1823 1141 1880 quos
1162 1810 1266 1862 omnis
1282 1810 1319 1861 ml
1342 1867 1345 1871 ,

119 1887 222 1963 gloria.
265 1887 391 1944 Exultet
411 1887 568 1956 desertum,
583 1894 614 1942 et
632 1885 768 1942 exultent
786 1883 960 1941 solitudines
973 1884 995 1942 J
997 1884 1115 1941 ordenis
1130 1905 1137 1943 :
1162 1889 1192 1943 et
1205 1882 1317 1963 populns

120 1987 203 2025 meus
217 1968 330 2026 videbit
343 1967 533 2025 altitudinem
548 1965 671 2023 Domini
685 1973 715 2023 et
729 1966 913 2039 majestatem
928 1964 995 2036 Dei,
1011 1972 1042 2022 et
1058 1966 1117 2022 erit
1135 1970 1315 2043 congregatus

119 2055 151 2106 et
164 2048 332 2126 redemptus
345 2069 399 2125 per
412 2048 518 2105 Deum.
549 2047 591 2103 Et
604 2046 705 2105 veniet
718 2046 750 2102 in
765 2046 836 2103 Sion
850 2065 918 2103 cum
932 2045 1055 2103 leutitia:
1076 2052 1107 2103 et
1120 2045 1229 2105 laetitia
1241 2062 1315 2123 super

118 2136 209 2206 ceput
228 2131 300 2206 ejus,
321 2129 394 2201 leus,
416 2136 447 2186 et
469 2127 622 2186 exultatio.
680 2127 721 2184 Et
742 2127 872 2203 operiam
894 2127 927 2183 in
948 2126 1100 2184 montibus
1122 2126 1265 2185 flumine:
1287 2124 1313 2181 in

118 2211 224 2267 mediis
245 2211 356 2287 campis
377 2211 473 2267 fontes
497 2208 674 2285 dirumpam,
689 2213 719 2265 et
737 2214 848 2265 terrum
868 2207 1018 2265 sitientem
1034 2208 1097 2265 sine
1116 2227 1195 2285 sque
1207 2206 1311 2267 enm·

118 2291 194 2348 dam.
239 2291 314 2349 Eoos
335 2311 409 2367 puer
422 2308 504 2346 meus
517 2289 706 2359 exaltabitur,
723 2295 754 2345 et
774 2288 946 2361 elevabitur,
962 2295 992 2346 et
1012 2288 1148 2346 sublimis
1161 2290 1220 2347 erit
1231 2284 1308 2346 valde

119 2370 276 2429 Haurietis
302 2391 394 2448 equas
414 2371 446 2427 iii
470 2370 577 2446 gaudio
601 2370 637 2427 de
661 2370 793 2426 fontibus
822 2369 1000 2427 salvatoris:
1028 2375 1059 2427 et
1083 2370 1188 2429 dicetis
1214 2371 1245 2427 in
1267 2366 1308 2425 ill

117 2452 174 2524 die,
191 2451 381 2511 Oonfitemini
395 2451 533 2524 Domino,
544 2458 574 2508 et
588 2451 723 2508 invocate
736 2470 844 2508 nomen
858 2451 921 2526 ejus
932 2470 941 2524 ;
961 2456 1047 2508 notos
1060 2451 1150 2509 facite
1164 2451 1197 2508 in
1209 2446 1307 2528 populls

117 2533 245 2591 virtutes
266 2535 352 2610 ejus:
383 2539 500 2590 cantate
525 2532 663 2602 Domino,
686 2531 756 2607 quia
779 2531 927 2589 mirabilia
946 2531 1041 2605 fecit,·
1064 2532 1241 2590 annuntiate
1257 2528 1304 2587 hec

116 2613 149 2670 in
165 2615 303 2672 universa
321 2621 408 2686 terre,
425 2614 497 2671 dicit
511 2613 658 2670 Dominus
672 2612 864 2689 omnipotens.

180 2696 312 2754 erutae.
358 2696 467 2753 Omnes
481 2694 517 2752 de
531 2694 615 2752 Sabo,

176 2777 324 2854 Alleluyu
376 2776 403 2835 V.
428 2776 574 2833 Vidimus.

175 2859 331 2933 Sequentia
344 2867 377 2914 ut
392 2858 425 2914 in
438 2857 492 2914 elie.
1349 2896 1352 2935 Ι

174 2938 341 2997 Secundum
355 2938 531 2996 dlallloaeuno
544 2938 604 3012 (iii.
624 2937 738 3015 13-17).

175 3021 214 3076 In
241 3022 292 3077 illo
319 3028 461 3096 tempore,
487 3019 582 3075 Venit
608 3017 698 3075 «lesus
724 3038 743 3074 a
770 3017 894 3075 Galilaeo
921 3037 1011 3093 usque
1038 3019 1079 3074 od
1106 3018 1138 3075 in
1162 3038 1219 3095 quo
1242 3010 1299 3072 mili

113 3101 285 3177 complacui.

174 3181 208 3238 N
208 3202 245 3238 ort
259 3182 368 3239 (liciter
383 3179 484 3237 Crede.

175 3261 367 3336 Qfferloriuru.
411 3261 507 3337 Reges
528 3259 654 3316 Thersis.

173 3342 295 3403 Secreta.

173 3424 297 3481 Hostias
310 3423 376 3494 tibi,
388 3421 523 3494 Domine,
534 3441 587 3498 pro
601 3422 665 3478 neti
679 3421 749 3478 Filii
762 3423 809 3480 tui
822 3423 1006 3498 apparitione
1019 3422 1191 3496 deserimus3
1211 3413 1300 3498 suppli·

112 3506 184 3562 citer
198 3513 362 3576 exorantes,
378 3511 414 3561 ut
426 3504 502 3561 sicut
516 3504 577 3579 ipse
592 3509 760 3560 nostrorum
780 3510 882 3561 auctor
902 3510 946 3561 est
966 3523 1133 3577 munerum,
1147 3506 1190 3563 ito
1203 3504 1258 3581 ipse
1268 3496 1301 3557 sil

110 3587 274 3643 misericors
288 3593 319 3643 et
332 3592 490 3661 susceptor,
505 3585 526 3641 J
528 3604 594 3641 esus
608 3584 743 3642 Christus
758 3584 905 3642 Dominus
919 3592 1025 3642 nostor.
1071 3585 1132 3654 Qui
1145 3593 1247 3644 tecum

170 3666 319 3742 Prosatlo.
365 3666 442 3735 Quia
455 3685 521 3723 cum
537 3665 702 3740 Unigeniti
747 3665 1011 3724 Communicuntes.

172 3747 352 3806 Communia
396 3747 536 3804 Vidimus
549 3747 671 3804 stellam.

169 3829 409 3886 Posteommunio.
580 3887 584 3895 ,

170 3910 287 3967 Oaelesti
314 3910 433 3979 lumino,
463 3928 638 3986 quaesumus,
667 3908 805 3979 Domine,
835 3928 949 3985 semper
978 3909 1026 3967 hic
1053 3915 1085 3967 ot
1117 3911 1229 3988 ubique
1258 3912 1317 3965 n⁰⁵

107 3991 256 4068 praeveni:
276 3996 312 4047 ut
326 3990 507 4066 mysterium,
523 3990 606 4066 cujus
619 4009 672 4046 nos
686 3990 842 4066 participes
856 4010 917 4047 esse
931 3989 1059 4061 voluisti,
1075 3996 1107 4049 et
1126 4011 1201 4069 puro
1218 3998 1323 4049 cemfl‘

107 4092 173 4130 mus
187 4072 310 4144 intuitu,
326 4078 356 4128 et
370 4071 457 4146 digno
471 4071 665 4147 percipiamus
679 4071 791 4128 effectu.
836 4070 895 4128 Per
909 4071 1079 4130 Dominum.

335 4220 496 4279 Donnrms
516 4236 613 4278 rems
634 4237 705 4279 ross
726 4220 865 4279 Ocmvss
887 4221 1077 4280 Ernmmun

167 4303 306 4379 Officium.

166 4385 205 4442 In
226 4385 340 4443 excelso
358 4383 466 4441 throno
482 4382 546 4440 vidi
558 4382 658 4440 sedere
679 4383 786 4456 virum,
806 4404 894 4460 quem
913 4384 1016 4442 adoret
1033 4384 1197 4444 multitudo
1217 4362 1352 4464 ongel‘

105 4484 188 4524 orum
204 4466 360 4543 psallentes
373 4465 406 4522 in
419 4484 513 4523 unum
527 4486 533 4523 :
554 4484 618 4523 ecce
631 4464 715 4541 cujus
729 4465 845 4542 imperii
859 4485 968 4524 numen
982 4467 1073 4524 estin
1087 4472 1240 4527 aeternum.
