2804 4920
524 306 619 371 Festa
632 304 751 370 beticii.

97 472 233 530 aradae.
277 471 497 531 clamaverunt.

93 553 192 611 Juxta
206 559 259 610 est.

96 632 247 710 Alleluye„
296 634 325 692 V.
348 633 526 711 Fulgebunt

95 713 298 788 annqelium.
342 715 418 772 Cum
432 714 588 773 audieritis
601 714 709 791 praelin.

98 792 314 869 Offertorium.*
354 795 510 853 Mirabilis.

95 875 217 934 Secreta.

95 956 256 1015 Offerimus
269 956 334 1028 tibi,
351 956 488 1028 Domine,
505 955 635 1014 fidelium
657 961 775 1012 tuorum
791 955 869 1012 donn
887 954 1048 1028 sollemnia,
1063 964 1233 1013 sanctorum

82 1057 157 1095 »rum
180 1037 279 1113 Cyriei
301 1044 332 1095 et
352 1036 472 1095 Julittae
494 1037 599 1094 matris
620 1040 684 1111 ejus
704 1034 963 1093 intercessionibus
989 1035 1176 1109 confidentes,
1197 1042 1233 1094 ut

82 1118 114 1176 >d
138 1137 193 1176 nos
220 1118 409 1194 exsequimur
431 1117 530 1174 miuus
553 1116 660 1174 idonee
681 1116 833 1188 servitute,
853 1116 973 1174 illorum
995 1118 1096 1195 potius
1119 1117 1233 1175 meritis

83 1199 354 1275 eistnrsoceptum.
396 1197 456 1256 Per
469 1196 639 1255 Dominum.

96 1279 279 1338 Cmnmunio.
322 1280 436 1337 Anime
449 1285 558 1337 nostre.

96 1361 338 1419 Postcommumb.

96 1442 154 1514 De,
169 1461 344 1519 quaesumus,
360 1440 496 1513 Domine,
513 1447 548 1497 ut
568 1439 747 1498 salutaribus
767 1439 871 1515 repleti
891 1440 1049 1517 mysteriis,
1062 1448 1230 1500 sanctorum

82 1529 202 1598 rtyrum
229 1528 348 1580 tuorum
376 1521 476 1598 (lyrici
502 1527 533 1578 et
558 1519 687 1592 Julittae,
716 1540 841 1598 quorum
869 1521 1022 1580 sollemnia
1042 1523 1230 1596 celebramus,

82 1604 293 1661 ercessionibus
306 1603 489 1680 adjuvemur.
531 1601 588 1660 Per
601 1600 772 1660 Dominum.

113 1818 226 1875 Sirion
247 1817 417 1888 Bormrnr,
439 1832 565 1875 Annine
586 1832 624 1874 nr
647 1832 851 1875 courmsoers.
895 1817 956 1894 (xv.
979 1816 1049 1874 Kal.
1071 1817 1148 1895 Jul.)

96 1936 236 2012 Officium.
279 1938 320 1995 Os
339 1937 424 2015 justi.

96 2018 206 2077 Oratio.

95 2098 290 2176 Omnipotens
303 2100 479 2177 sempiterne
500 2100 590 2170 Deus,
605 2105 725 2156 tuorum
745 2099 845 2157 lumen
865 2105 1042 2170 sanctorum,
1056 2101 1157 2159 adesto
1171 2102 1228 2179 piis

82 2177 159 2238 lesiae
172 2186 234 2238 tuae
254 2181 387 2257 precibus
397 2201 405 2252 3
426 2186 457 2238 et
476 2180 557 2237 beati
577 2179 721 2256 Botulphi
741 2180 913 2238 confessoris
934 2181 980 2238 tui
1002 2189 1091 2258 atque
1113 2183 1228 2241 abbatis

82 2262 143 2336 ique
163 2261 346 2338 protectione
367 2281 506 2319 conserva
527 2260 682 2337 propitius,
703 2266 739 2317 ut
758 2261 842 2336 cujus
862 2262 968 2319 merita
988 2262 1150 2334 recolimus,
1165 2265 1228 2339 ejus

82 2343 241 2400 ereeeeione
274 2342 395 2411 suffulti,
427 2343 464 2399 sd
498 2360 625 2418 superno
657 2341 771 2418 gaudia,
807 2349 838 2400 te
871 2343 1039 2419 adiuvante,
1075 2347 1228 2418 pervenire

82 2441 191 2481 eumue.
235 2421 293 2480 Per
307 2422 477 2480 Dominum.

96 2501 237 2579 Episaeou».
279 2503 386 2561 «Iustus
400 2522 449 2562 cor
462 2523 556 2560 suum.

98 2583 251 2642 Gradale.†
290 2585 420 2642 Jumvit.

97 2664 186 2721 Dixit
199 2664 353 2723 Dominus.

95 2744 243 2821 Alleluya.
292 2745 321 2803 Γ.
343 2745 451 2804 Justus
463 2744 648 2822 germinabit.

97 2826 295 2901 ansqelium.
338 2826 370 2884 N
371 2845 436 2884 emo
449 2825 582 2883 aseendit
594 2825 752 2882 lucernam.

97 2906 289 2981 Offertorium.
332 2907 527 2965 Desiderium.

96 2987 216 3046 Secreto.

95 3068 219 3127 Hostias
245 3075 359 3126 nostres
385 3067 450 3138 tibi,
479 3068 616 3139 Domine,
644 3067 748 3125 reddat
778 3072 912 3144 acceptas
945 3067 1114 3127 interressio
1147 3070 1226 3128 besti

82 3149 178 3227 tnlphi
197 3149 367 3208 oonfessoris
387 3149 434 3206 tui
454 3154 543 3224 atque
562 3148 685 3221 obbatis,
701 3148 753 3224 qui
771 3167 820 3206 ees
840 3148 897 3207 tibi
914 3147 1002 3226 digne
1016 3150 1139 3208 offerens
1152 3172 1227 3210 com-

82 3231 150 3288 ouit
194 3231 253 3288 Per
267 3229 436 3287 Dominum.

96 3310 296 3387 Communiuss
337 3310 455 3387 Magna.

94 3391 334 3452 Postcommusio.

93 3472 155 3531 Tuo
178 3480 280 3531 sancta
303 3479 452 3530 sumentes
476 3490 651 3548 quaesumus,
671 3471 805 3542 Domine,
827 3477 863 3528 ut
882 3473 977 3530 sancti
997 3472 1141 3551 Botulphi
1161 3494 1227 3532 oon-

82 3556 146 3612 roris
181 3555 228 3612 tui
261 3561 350 3630 atque
383 3553 499 3611 obbatis
532 3572 585 3610 noe
619 3552 738 3610 foveant
768 3552 941 3610 continuate.
969 3553 1111 3630 praesidis.
1165 3554 1224 3614 Per

82 3654 203 3693 minum.

212 3767 397 3825 Summonuit
418 3781 590 3823 mersuri
612 3764 719 3823 Miser
740 3781 779 3823 sn
798 3763 1025 3826 Mnucnmmui.

499 3861 572 3940 (xiv.
595 3862 665 3921 Kel.
686 3861 764 3938 Jul.)

91 3946 233 4023 Officium.
276 3945 362 4004 Salus
381 3951 489 4003 sutem.

89 4029 201 4087 Oratio.

87 4110 212 4182 Praests,
236 4127 411 4185 quaesumus,
434 4107 618 4183 omnipotens
641 4106 731 4177 Deus,
756 4105 863 4181 utqui
886 4106 1039 4163 beatorum
1060 4110 1222 4181 martyrum

82 4212 148 4252 rum
162 4190 260 4249 Marci
273 4196 303 4247 et
317 4187 502 4247 Marcelliani
516 4187 651 4245 natalitia
663 4187 794 4259 colimus,
808 4207 825 4244 a
839 4186 954 4244 cunetis
967 4186 1052 4244 malie
1069 4187 1224 4246 imminen-

82 4296 113 4349 s,
129 4290 234 4331 eorum
247 4271 455 4329 intercessione
467 4269 633 4327 liberemur.
676 4269 742 4326 Per.

145 4390 228 4438 ¹118.
229 4390 369 4511 -Οῃίοὶὶ
404 4388 624 4450 ΓῙιοιΠοίοῙιιε.
655 4388 775 4447 Alleluye.
813 4388 836 4433 Γ.
852 4388 940 4435 Iustus
950 4388 1099 4450 germinsbit

144 4450 280 4511 stis-F
337 4450 472 4510 buntjusti.
630 4448 711 4509 ‡.Ms
714 4448 934 4497 -uoatueservus
