2804 4920
357 330 454 399 Festo
474 332 676 400 Novembris.

160 497 309 575 Stephane
321 497 455 576 gloriose,
469 499 596 558 rutilans
607 500 640 559 in
653 520 769 575 eorons,

201 578 436 657 Sanctorumque
448 587 612 658 martyrum
626 587 726 640 turmo
738 581 855 656 velids3

161 659 266 718 Fortis
278 660 347 719 dote
360 659 455 735 corda,
469 681 591 738 eorpors
604 668 694 740 atque
707 664 801 736 firme,

202 740 292 799 Sucro
303 748 340 799 ut
351 740 467 800 hostem
480 742 604 800 vineant
616 744 675 802 rite
688 744 810 821 spiculo.

162 820 295 879 Muttine
309 822 428 898 inelyte,
442 823 659 902 praesulumque
672 826 768 883 omnis
782 831 909 896 estervs,

161 902 282 979 Suseipe
295 922 374 961 none
387 904 437 980 pis
446 910 548 962 nostra

203 982 338 1042 Clemens
351 985 526 1061 precamine

162 1063 280 1142 Regina
293 1065 442 1142 virginum
456 1065 656 1142 prsemsximQ

203 1143 249 1203 Tu
262 1152 358 1204 mater
371 1166 402 1204 es
414 1147 594 1225 ineorrupts‚

206 1225 300 1303 Virgo
314 1234 345 1284 et
357 1227 489 1305 gru-vids,

164 1306 285 1365 Secreto
299 1308 428 1366 Domino
442 1308 617 1382 castissimo,

204 1388 332 1447 Nostros
345 1409 430 1448 servs
442 1390 565 1461 enimus,

204 1469 378 1547 Mundsque
391 1490 519 1547 corporo.
559 1469 728 1529 Electorum
742 1470 910 1530 venerando
922 1471 1062 1550 suffragio

164 1549 365 1628 Omniumque
379 1559 548 1610 sanctorum
558 1550 752 1610 contubernio

164 1630 224 1690 Per
236 1640 354 1709 preeets
367 1632 485 1691 assidua

206 1712 318 1771 Nostro
330 1714 497 1791 gubernent
510 1719 653 1791 tempora,

166 1792 288 1871 Nosque
301 1794 412 1852 duesnt
424 1794 462 1852 od
475 1814 581 1871 supera

206 1874 346 1932 Pelorum
360 1895 430 1934 vers
442 1875 557 1954 gaudio.

165 1955 353 2033 Snbjungont
366 1957 449 2033 pium
463 1957 582 2034 agmins
594 1955 694 2014 Amen
707 1953 866 2032 redempte.

82 2052 183 2111 elisum.
226 2053 342 2134 Videns
355 2054 458 2113 turbas
470 2053 493 2112 J
494 2073 567 2113 esus.

82 2215 178 2274 mum.
220 2214 377 2275 Mirabilis

82 2317 103 2354 z.

82 2398 112 2435 rs
143 2376 211 2452 tibi,
239 2378 375 2450 Domine,
404 2385 513 2435 nostroe
540 2376 705 2435 devotionis
731 2375 891 2450 offerimus,
918 2395 984 2452 quae
1011 2383 1043 2435 et
1068 2395 1125 2454 pro

82 2478 98 2515 n
124 2458 183 2515 tibi
215 2465 300 2535 grets
331 2459 393 2516 sint
419 2458 531 2516 honore
556 2459 717 2534 justorum,
746 2463 777 2516 et
804 2458 890 2516 nobis
919 2457 1069 2531 salutatis,
1093 2465 1127 2516 te

82 2570 93 2611 ·,
107 2539 278 2600 redduntur.
321 2540 388 2597 Per.

82 2621 138 2678 uio.
181 2618 241 2677 Per
253 2640 341 2698 quem
355 2621 548 2696 majestatem.

82 2701 166 2760 ,senio
212 2701 346 2760 Gaudete
356 2701 441 2777 justi.

82 2803 229 2842 immenso.

82 2883 235 2936 uaesumnn,
251 2863 388 2934 Domine,
403 2861 540 2921 fidelibus
550 2859 667 2939 populis
677 2860 810 2919 omnium
824 2865 995 2919 ssnetorum
1008 2879 1127 2939 semper

82 2965 116 3002 ne
128 2944 233 3016 laeteri,
248 2951 395 3003 eteorum
408 2949 551 3021 perpetus
565 2942 779 3020 supplicatione
791 2941 911 3000 muniri.
954 2942 1020 3000 Per.

98 3133 138 3192 In
159 3134 448 3193 Counsnonsmonn
468 3137 654 3192 Ammon.
698 3134 750 3213 (iv.
767 3134 845 3192 Non.
862 3134 954 3213 Nov.)

82 3259 139 3309 tior
156 3251 242 3326 officii
260 3251 293 3308 in
316 3250 390 3309 affluis
414 3251 562 3309 revestitus
579 3258 605 3307 et
621 3249 743 3325 desuper
762 3248 847 3327 Cape
859 3252 894 3308 de
911 3250 1001 3325 niqra
1017 3250 1125 3307 samita

82 3351 142 3389 son
163 3332 307 3390 ministris
330 3332 393 3390 suis
415 3352 513 3390 eoram
535 3329 636 3388 Alteri
656 3328 735 3388 dicat
757 3330 930 3390 sollemniter
949 3331 1128 3391 temnenda-

82 3412 153 3472 'ltoro
161 3412 361 3489 psalmodiam
369 3422 556 3489 prosequente
569 3433 636 3472 esem
648 3421 726 3472 mom.

82 3514 131 3553 em.
175 3494 320 3570 Requiem
333 3501 481 3552 seternsm

82 3596 135 3634 ms.

82 3663 136 3714 teet
155 3654 284 3732 hymnus
304 3657 336 3714 in
357 3656 439 3728 Sion,
455 3662 486 3715 et
506 3656 563 3714 tibi
583 3657 724 3716 reddetur
736 3662 840 3714 votum
861 3655 894 3713 in
911 3653 1124 3715 Hierusalem:

82 3738 217 3795 ationem
232 3757 346 3810 mesm;
365 3738 404 3796 ad
416 3744 447 3795 te
460 3738 556 3796 omnis
569 3759 636 3797 esre
650 3739 758 3799 veniet.

82 3839 102 3876 o.
145 3817 171 3875 F
172 3818 293 3877 idolium
307 3819 390 3876 Dens
403 3819 543 3880 omnium.

82 3924 85 3948 ·
98 3898 167 3958 libri
180 3898 415 3958 Mochobaemmm
428 3900 465 3976 (2
479 3900 530 3957 eti.
547 3901 663 3977 42-46).

82 3980 144 4038 ebus
154 3980 224 4053 illis,
235 3980 294 4037 Vir
303 3981 479 4039 fortissimus
492 3981 513 4040 J
515 3982 588 4040 udas
597 4001 688 4058 usque
698 3982 738 4041 od
752 3988 788 4040 ut
798 4001 816 4039 s
825 3980 953 4058 peeestis
963 3980 1126 4038 solventur.

82 4060 126 4120 tle.
170 4060 317 4138 Requiem
331 4071 478 4121 aeternsm.

82 4163 113 4200 ιω
126 4162 236 4201 eorum.

83 4244 123 4282 us.
166 4223 212 4282 De
225 4223 388 4301 profundis.

82 4324 189 4363 ¹nunes.

82 4387 221 4462 iquitotes

88 4465 166 4545 opud
176 4474 215 4527 te.

176 4558 180 4565 .
281 4552 285 4562 .
317 4556 321 4564 .
351 4556 379 4605 ‚z
399 4556 402 4562 .
