2806 4920
103 322 165 386 416
495 311 673 400 Suffrcqio
694 309 909 378 emmonis.

101 484 287 626 {pliumplrum
309 481 432 622 vliptutis
451 487 512 540 tun
532 481 659 540 scienter
677 478 817 553 excolere,
832 483 869 536 nt
881 497 935 555 per
947 482 979 536 te
991 495 1111 555 semper
1128 480 1283 555 reperatur

153 586 279 624 vemnm.
349 583 389 622 er.

162 646 284 707 Secreto.

164 728 293 803 Suscipe,
318 723 454 796 Domine,
478 740 655 800 quesumus,
679 739 779 798 preces
801 726 833 778 st
855 719 967 779 hostias
993 718 1137 778 Ecclesia
1163 724 1221 778 tua
1242 737 1284 796 po

102 809 197 867 salute
207 806 311 865 famuli
322 806 369 863 tui
378 805 455 882 regis
464 804 560 861 nostri
569 809 601 861 et
610 803 719 879 reginae
729 809 761 859 et
770 801 954 878 protectione
968 799 1104 859 fidelium
1116 799 1284 878 populorum,
1330 792 1332 835 Ι

103 909 176 966 quos
198 895 258 946 tuae
279 886 427 964 majestati
454 885 603 943 offerimus
629 882 835 959 supplicantes,
856 889 893 939 ιιι
914 882 1041 959 antiqua
1064 880 1181 939 brachii
1201 881 1243 938 tui
1260 887 1286 937 tc

103 976 242 1045 operante
258 966 409 1041 miraculs,
422 965 567 1043 superatis
586 964 723 1036 inimicis,
738 982 841 1020 secure
858 963 916 1021 tibi
932 963 1045 1021 serviet
1064 960 1286 1021 Christisnoenu

102 1049 233 1108 libertas.
275 1048 341 1107 Per.

163 1128 406 1188 Postcommunio.

164 1210 285 1282 Praests,
300 1228 475 1288 quesumus,
497 1206 682 1283 omnipotens
703 1204 794 1276 Deus,
814 1211 852 1263 nt
874 1225 927 1282 per
944 1204 1008 1262 hoec
1027 1209 1134 1262 uncto
1152 1201 1287 1280 mystes'm.

104 1311 169 1370 quse
189 1292 376 1368 sumpsimus,
396 1309 450 1347 rex
473 1294 573 1345 noster
595 1293 626 1344 et
649 1286 751 1362 regino
771 1293 802 1343 et
825 1287 960 1362 princeps
983 1285 1131 1362 liberique
1150 1304 1247 1342 sorum
1262 1291 1288 1341 ct

103 1373 229 1451 populus
250 1372 437 1431 Christianus
460 1387 575 1445 semper
596 1366 786 1425 rationabilis
808 1367 995 1439 meditantes,
1020 1385 1088 1443 quse
1111 1365 1172 1423 tibi
1192 1365 1287 1444 plscits

104 1461 175 1512 sunt
188 1462 220 1513 et
233 1453 321 1512 dictis
334 1457 534 1528 exsequentur
547 1448 684 1506 etfsctis
726 1445 793 1506 Per.

480 1630 581 1690 Mrsss
600 1646 657 1689 rso
677 1645 793 1690 sununs
811 1632 919 1694 Aures

164 1794 359 1871 Omnipotens
371 1793 548 1870 sempiterne
561 1791 651 1862 Deus,
664 1792 802 1851 miserere
814 1793 924 1853 ismulo
943 1800 998 1852 tuo
1016 1793 1070 1866 N,
1084 1801 1117 1853 ot
1129 1794 1221 1873 dirige
1231 1813 1287 1853 orm

104 1875 264 1935 secundum
278 1882 361 1932 tuum
374 1874 561 1932 clementium
573 1874 606 1931 in
618 1874 700 1931 vium
713 1875 817 1933 solutis
830 1881 947 1934 eterne
957 1895 967 1949 3
988 1880 1024 1932 ιιι
1040 1882 1074 1934 to
1092 1876 1230 1950 donante,
1241 1875 1287 1933 uu

105 1957 214 2034 plseits
226 1957 336 2034 cupiat,
351 1963 382 2014 et
396 1962 460 2013 tote
472 1955 584 2012 virtute
597 1954 736 2031 perficiet
778 1954 844 2014 Per.

165 2037 285 2098 &eece

165 2117 313 2188 Pmficist,
327 2135 503 2193 quesumus,
518 2115 653 2188 Domine,
667 2114 730 2173 haee
749 2116 859 2175 oblstio
871 2136 961 2194 qusm
973 2122 1034 2175 ture
1047 2117 1195 2196 supplicos
1205 2115 1286 2176 onus

104 2219 171 2256 mus
181 2198 338 2275 majestati,
351 2197 389 2255 sd
403 2198 528 2255 sulutem
547 2196 652 2254 famuli
670 2197 727 2267 tui,
743 2204 779 2254 ut
798 2204 851 2255 tus
863 2198 1051 2275 providentis
1064 2201 1130 2277 ejus
1143 2201 1207 2258 vits
1221 2199 1288 2256 inter

104 2279 227 2337 adverse
239 2286 271 2336 et
283 2297 422 2355 prospero.
433 2278 544 2355 ubique
557 2278 710 2354 dirigatur.
753 2278 819 2337 Per.

164 2359 407 2419 Postcommunio.

166 2439 330 2511 Sumentcs,
345 2438 482 2511 Domine,
506 2445 655 2516 perpetue
676 2445 857 2497 sacramente
879 2439 992 2512 sslntis,
1008 2446 1094 2499 tunm
1112 2441 1288 2520 depromunt

105 2520 299 2591 clementiam,
314 2527 349 2578 ut
362 2540 416 2598 per
428 2540 463 2578 en
476 2521 621 2577 famulum
634 2527 720 2577 tuum
734 2520 784 2593 N,
799 2521 837 2577 eb
850 2522 932 2578 omni
950 2522 1133 2582 adversitate
1146 2523 1286 2583 custodia

106 2602 171 2661 Per.

529 2705 596 2765 Pso
616 2705 723 2765 Aureo
742 2722 883 2765 ursum.

167 2789 277 2847 Oratio.

165 2867 620 2945 Deus,quijustifionsimph1m
640 2873 671 2924 et
690 2886 750 2923 non
771 2867 816 2924 vis
836 2875 961 2926 mortem
974 2876 1164 2946 peccatorum
1174 2892 1183 2943 ;
1203 2871 1289 2947 majos

105 2957 198 3008 tatem
212 2958 294 3008 tuam
308 2950 480 3026 suppliciter
500 2950 697 3025 deprecamur,
713 2956 747 3005 ut
760 2948 904 3006 famulum
917 2959 1003 3007 tuum
1017 2951 1057 3008 N.
1074 2953 1112 3009 de
1125 2960 1181 3010 tus
1194 2953 1289 3009 miseri·

104 3033 203 3088 cordia
223 3031 417 3088 confidentem
437 3030 546 3087 caelesti
566 3035 700 3105 protegas
718 3029 864 3106 benignus
879 3031 1000 3102 auxilio,
1015 3039 1046 3089 et
1058 3033 1179 3090 umidus
1193 3047 1289 3110 proteo

104 3113 185 3168 tione
205 3132 374 3183 conserves,
394 3118 429 3168 ut
449 3112 504 3167 tibi
521 3111 635 3187 jugiter
654 3109 821 3183 famuletur,
836 3118 868 3169 et
887 3112 977 3169 nullis
996 3114 1216 3173 tentationibus
1234 3122 1290 3172 ste

105 3199 263 3266 separetur.
308 3193 366 3249 Per
379 3192 550 3250 Dominum.

164 3272 284 3329 Secreto.

165 3352 275 3426 Hujus,
292 3372 466 3428 quaesumus,
481 3352 618 3422 Domine,
633 3353 744 3409 virtute
758 3354 891 3427 mysterii
904 3360 935 3411 et
948 3374 966 3411 a
979 3355 1107 3431 propriis
1120 3376 1177 3414 nos
1190 3356 1290 3415 munds

104 3432 227 3501 delictis,
255 3441 286 3489 et
313 3434 457 3490 famulum
483 3441 568 3491 tuum
596 3433 636 3493 N.
665 3433 703 3490 ab
730 3434 866 3491 omnibus
893 3436 1027 3493 absolves
1053 3440 1191 3513 peccetis.
1241 3439 1291 3495 Per

106 3513 275 3572 Dominum.

165 3594 404 3650 Postcommunio.

165 3675 328 3732 Purificent
348 3695 409 3744 nos,
432 3694 607 3750 quesumus,
621 3675 756 3747 Domine,
771 3684 951 3735 sacramenta
971 3698 1036 3756 quae
1057 3681 1246 3756 sumpsimus,
1265 3689 1292 3738 et

104 3756 249 3813 famulum
273 3764 359 3812 tuum
380 3755 420 3813 N.
442 3757 480 3812 ab
503 3757 584 3812 omni
603 3758 688 3832 culpe
708 3757 833 3814 liberum
854 3779 914 3815 esse
936 3759 1077 3830 conoede;
1105 3770 1141 3818 ut
1162 3763 1215 3839 qni
1235 3783 1291 3820 eon·

104 3837 232 3974 srcienltpae
253 3857 312 3929 suae
333 3845 418 3894 reatu
438 3837 657 3913 constringitur,
672 3839 793 3895 caelestis
806 3841 927 3896 remedii
947 3840 1132 3917 plenitudine
1145 3843 1289 3920 glorietur.

131 3937 162 3973 er
206 3937 346 3977 ommum.

164 4102 188 4159 O
451 4023 517 4080 Pno
538 4023 705 4081 Perrrrous
726 4024 950 4084 Lnosrunnnu.

190 4104 272 4159 ratio.

164 4183 358 4258 Omnipotens
385 4184 538 4241 mitissime
566 4184 655 4254 Deus,
679 4188 730 4262 qui
757 4188 871 4245 sitienti
898 4187 1005 4264 populo
1031 4188 1145 4247 fontem
1168 4192 1293 4250 virentis

103 4282 185 4338 nquae
200 4264 235 4319 de
251 4273 333 4339 petra
347 4266 513 4340 produxisti
523 4286 531 4337 ς
552 4267 624 4322 educ
645 4267 681 4322 de
701 4269 796 4325 cordis
816 4273 911 4326 nostri
932 4269 1043 4325 duritia
1061 4275 1293 4348 compunctionis

103 4341 254 4419 lacrymas,
284 4356 318 4401 ut
346 4355 464 4421 peccato
491 4354 592 4404 nostra
622 4348 758 4424 plangere
784 4351 943 4423 veleamus,
972 4351 1242 4432 remissionemque,
1267 4364 1294 4413 to

101 4424 268 4498 miserente,
283 4446 447 4485 mercemur
459 4429 596 4504 occipere
639 4428 698 4485 Per
712 4429 883 4489 Dominum.
