2804 4920
108 334 171 399 240
547 331 644 401 Feta
664 333 857 402 recessere.

167 498 503 655 mmmmlolbmine
523 579 607 640 Deus
625 587 735 654 noster,
759 588 794 640 ut
814 590 998 643 sacrosancto
1014 585 1154 663 mysteria
1165 604 1219 665 qus
1229 602 1266 664 pro

108 661 302 737 reparationis
321 667 430 720 nostrie
449 662 613 721 munimine
630 662 791 737 contulisti,
809 663 1009 724 intercedente
1021 666 1110 726 beuts
1120 687 1222 747 semper
1229 666 1269 724 rir-

107 741 300 882 demnu?
321 748 354 802 ct
371 762 500 821 praesens
517 743 603 801 nobis
625 744 788 803 remedium
808 764 871 804 esse
893 745 984 805 iscius
1006 752 1038 806 et
1060 747 1196 808 futurum
1228 746 1269 805 Per

229 1028 342 1088 Sescrr
364 1028 481 1100 Bmsrr,
502 1044 638 1088 misceri
659 1045 697 1087 rr
717 1045 879 1088 mmm
931 1030 985 1109 (iii
1000 1030 1081 1091 Non.
1097 1032 1180 1109 Feb.)

169 1184 309 1327 glrdacium.
352 1185 523 1245 Ssosrdotss
535 1186 608 1263 ejus,
623 1187 657 1245 iu
670 1185 778 1245 Natali
790 1187 882 1245 unius
895 1189 1036 1264 manga-is
1044 1188 1196 1265 pontificis.

232 1268 279 1327 tub.

167 1348 364 1426 Omnipotens
376 1347 554 1425 sempiterne
567 1347 658 1421 Deus,
682 1348 734 1424 qui
756 1349 875 1406 beetum
896 1349 1032 1407 Blusium
1054 1351 1204 1428 presulem
1221 1367 1272 1407 usr-

108 1436 261 1507 tyremque
274 1435 360 1487 tuum
374 1448 466 1506 ugone
474 1429 644 1487 certaminis
662 1435 716 1487 tuo
734 1450 834 1488 umore
845 1430 995 1503 roborasti,
1008 1430 1134 1491 concede
1147 1430 1269 1510 propitius,

106 1517 141 1570 ut
154 1512 237 1589 cujus
249 1510 436 1588 triumphum
448 1509 602 1568 recolimus
614 1511 648 1567 in
661 1511 756 1584 terris,
767 1512 832 1589 ejus
841 1512 976 1589 precibus
985 1512 1163 1589 adjuvemur
1171 1512 1200 1570 in
1208 1510 1269 1571 celis

107 1592 173 1650 Per.

168 1671 308 1748 Epistola.
351 1671 456 1730 Omnis
468 1671 611 1748 pontifex

169 1752 303 1811 Grodolc.
345 1752 469 1810 Juravit
482 1753 637 1811 Dominus.

113 1834 143 1894 V.
167 1833 256 1891 Dixit
269 1833 424 1892 Dominus.

167 1914 316 1991 Alleluya.
365 1915 394 1974 V.
418 1914 480 1972 Iste
493 1921 619 1973 sanctus

173 1995 221 2055 Vel
235 1996 366 2054 Proetus.
409 1995 604 2053 Desiderium.

167 2074 369 2151 annqclium.
412 2075 529 2146 Videte,
543 2075 672 2153 vigilate

169 2157 361 2231 offertorium.
403 2156 505 2215 Gloria
518 2164 549 2215 ct
562 2157 679 2215 honore.

167 2237 288 2296 Secreto.

168 2317 333 2390 Sacrificiis,
355 2337 531 2394 quaesumus‚
555 2318 692 2387 Domine,
713 2318 829 2394 placore
852 2317 977 2377 oblatis:
999 2326 1031 2377 et
1050 2318 1262 2397 supplicuntepw

107 2399 192 2456 nobis
201 2400 287 2457 beato
297 2398 422 2474 praesulc
430 2405 460 2457 et
468 2405 598 2474 martyre
607 2406 660 2456 tuo
671 2398 780 2468 Blasio,
789 2418 842 2476 per
848 2399 911 2457 hmo
920 2399 959 2457 ab
969 2400 1107 2459 omnibus
1116 2398 1262 2459 inimieorum

108 2485 277 2538 nostrorum
290 2479 449 2538 liberemur
464 2480 589 2539 insidiis.
632 2480 698 2538 Per.

169 2560 349 2620 Communis.

169 2642 255 2712 Quod
276 2642 340 2699 dico
360 2642 444 2699 vobis
464 2643 496 2697 in
516 2641 655 2712 tenebris,
676 2642 764 2699 dieite
787 2641 819 2697 in
840 2641 961 2712 lumine,
982 2643 1055 2700 dicit
1076 2642 1221 2701 Dominus:
1240 2637 1260 2689 tl

107 2724 185 2801 quod
198 2724 230 2780 in
244 2743 315 2780 aure
328 2723 446 2793 cuditis,
461 2722 617 2799 praedicute
631 2727 817 2798 supertecta.

167 2804 407 2862 Postcommueeio.

167 2886 300 2962 Sumpta,
319 2904 495 2962 qumsumus,
512 2885 648 2955 Domine,
664 2892 846 2943 sacramenta
868 2885 905 2941 ab
924 2884 1006 2941 omni
1027 2904 1081 2942 nos
1102 2880 1260 2961 nequitiarum

106 2966 170 3023 labe
184 2968 349 3042 purificent,
366 2973 397 3023 ct
413 2965 613 3023 intercedente
626 2966 711 3023 beato
726 2966 825 3023 Blasio
843 2965 966 3042 praesulc
980 2971 1010 3022 et
1029 2974 1156 3042 martyre
1168 2970 1215 3028 tuo,
1225 2969 1259 3010 ⁸¹1⁰

106 3067 227 3104 munere
260 3053 362 3104 contra
396 3067 497 3105 omnes
531 3066 645 3124 semper
677 3046 835 3105 diabolicos
868 3046 1004 3103 incursus
1033 3053 1175 3104 tucantur.
1221 3034 1259 3092 Pil

107 3127 277 3185 Dominum.

242 3338 369 3396 Suscrs
390 3339 542 3408 Acerris,
558 3354 694 3396 vmorms
716 3355 752 3395 nr
774 3353 936 3394 nssrrms,
980 3335 1069 3414 (Non.
1088 3335 1163 3411 Feb.)

169 3493 308 3566 Officium.
352 3494 539 3552 Gaudeamus
552 3513 661 3564 omnes
677 3494 710 3551 iu
725 3493 882 3552 Uooeeuuui
895 3492 987 3550 uerius
997 3493 1120 3568 cirpiuis
1131 3491 1244 3558 eudem

170 3572 281 3631 Oratio.
1236 3628 1254 3643 ..

168 3654 258 3726 Deus,
274 3655 326 3731 qui
345 3656 423 3713 inter
443 3664 539 3714 cetera
559 3656 699 3732 potentiss
720 3662 778 3714 tuae
797 3653 938 3712 miracula
959 3655 1049 3712 ctiam
1070 3656 1101 3711 in
1115 3629 1256 3720 sexulrtgll

106 3737 260 3793 victorium
275 3738 410 3812 martyrii
424 3737 576 3794 contulisti
585 3759 593 3809 3
619 3737 742 3794 concede
762 3737 916 3813 propitius,
932 3742 967 3791 ut
988 3738 1072 3812 cujus
1086 3727 1203 3792 natalitia
1213 3712 1256 3776 ⁰⁰h'

106 3837 180 3888 mus,
196 3837 249 3893 per
262 3819 324 3891 ejus
337 3818 375 3875 ad
386 3823 415 3875 te
429 3818 564 3895 exemplu
576 3818 752 3895 gradiemur.
795 3818 853 3875 Per
866 3816 1037 3874 Dominum.

167 3898 307 3973 Epistola.
351 3899 479 3956 Domine
493 3899 582 3956 Deus.

169 3980 302 4036 Gradul.
345 3980 514 4057 Adjuvubit
527 4000 599 4037 cum.

115 4060 143 4118 V.
166 4061 313 4117 Fluminis
327 4062 462 4138 impetus.

166 4141 314 4218 Alleluye.
376 4143 401 4199 V.
425 4142 500 4198 Hauc
524 4148 568 4199 cst
592 4143 675 4219 virgo
699 4143 822 4221 sapiens,
848 4162 937 4218 quam
959 4141 1106 4200 Dominus
1125 4123 1253 4213 viglhntem

108 4223 230 4280 invenit.

165 4302 331 4378 Sequentia,
346 4305 380 4362 de
394 4301 551 4362 Communi
559 4325 571 4372 ;
585 4303 628 4361 vel
643 4305 773 4376 Tractus,
791 4305 849 4374 Qui
864 4304 1018 4362 seminant.

167 4384 196 4440 E
198 4385 365 4460 campellum.
409 4384 512 4442 Simile
525 4390 570 4441 est
583 4405 706 4461 reguum
720 4387 856 4445 cmlorum
869 4387 1013 4445 thesauro.

168 4463 360 4538 offertorium.
404 4465 583 4540 Offerentm,
597 4466 700 4543 majus.
