2804 4920
144 324 206 386 188
445 320 537 386 Dom.
561 319 619 386 vii.
639 327 716 406 post
740 320 803 388 Oct.
825 319 1034 387 Peuteaoataa

204 489 313 548 Oratio.

202 569 283 627 Deus
293 569 450 640 virtutum,
462 569 546 645 eujus
556 574 602 627 ast
614 573 713 626 totum
727 568 807 645 quod
820 573 866 627 est
879 568 1044 646 optimum:
1064 567 1163 628 insere
1175 569 1349 647 pastoribus

140 650 250 709 nostris
263 670 392 708 amorem
406 650 453 707 tui
470 649 619 722 nominis;
647 655 678 708 et
698 656 807 726 praesta
823 650 857 707 in
874 649 960 709 nobis
972 649 1126 728 religionis
1138 656 1347 728 augmentum,

140 737 175 789 ut
188 751 253 809 quas
267 737 339 790 sunt
351 730 430 789 bona
442 732 566 803 nutrias,
578 750 615 812 *ao
628 731 749 808 pietatis
762 730 871 802 studio,
882 750 948 807 quae
961 737 1034 789 sunt
1046 731 1175 803 nutrita,
1186 733 1347 791 custodias

141 813 199 870 Per
212 813 377 870 Dominum
389 818 533 871 nostrum.

199 893 249 951 Ad
262 894 410 952 Rooaaaos
422 893 475 970 (oi
494 893 610 970 19-23).

199 974 337 1033 Fratres:
359 974 535 1032 Humanum
553 974 628 1045 dieo,
642 978 764 1051 propter
778 973 986 1032 infirmitatem
1003 973 1101 1032 earnis
1122 979 1231 1033 vestrae
1252 994 1347 1052 usqae

138 1056 179 1114 au
193 1054 298 1114 Gratia
311 1061 411 1114 autem
426 1055 492 1128 Dei,
503 1056 569 1113 vita
582 1061 703 1129 aeterna,
717 1055 758 1113 In
772 1055 892 1113 Christo
905 1055 926 1114 J
927 1074 989 1129 esu,
1002 1055 1135 1115 Domino
1148 1062 1262 1118 nostro:

201 1135 334 1195 Grodale.

199 1216 319 1289 Venite,
335 1217 399 1289 tilii,
414 1217 516 1275 audite
529 1236 594 1275 me:
615 1217 753 1274 timorem
768 1216 894 1275 Domini
908 1216 1017 1275 docebo
1029 1236 1090 1275 vos

145 1299 172 1356 1⁷.
195 1298 340 1357 Aeeodite
350 1298 388 1357 ad
398 1298 483 1355 illum
494 1305 525 1355 et
535 1297 763 1356 illuminamini:
777 1304 809 1356 et
818 1298 908 1356 facies
918 1304 1026 1356 vestras
1036 1317 1097 1355 non
1108 1296 1343 1357 confundentur.

197 1379 347 1456 Alleluya
397 1379 425 1437 V.
456 1379 547 1456 Eripe
567 1399 614 1437 me
634 1379 671 1438 do
691 1379 820 1437 inimicis
834 1379 914 1452 meis,
931 1379 1013 1437 Deus
1026 1398 1128 1437 maus:
1148 1386 1181 1438 et
1192 1379 1234 1439 ab
1246 1379 1345 1438 insur-

138 1461 276 1538 gentibus
290 1462 323 1518 in
337 1479 384 1519 me
397 1460 492 1519 libera
504 1479 560 1519 me.

196 1540 365 1601 Secundum
377 1541 517 1600 Marsum
530 1540 609 1617 (viii.
628 1539 704 1618 1-9)

198 1623 237 1680 In
250 1623 302 1680 illo
315 1630 455 1699 tempore,
468 1621 544 1680 (ium
558 1623 647 1680 turba
660 1621 757 1680 multa
769 1626 845 1680 esset
858 1641 926 1680 oum
936 1621 958 1680 J
959 1640 1021 1693 esu,
1031 1640 1087 1680 nee
1100 1620 1250 1681 haberant
1262 1622 1345 1700 quod

136 1704 350 1762 manducarent
362 1725 452 1780 :quae
465 1705 507 1761 od
527 1704 612 1781 quasi
628 1708 770 1780 quattuor
782 1703 878 1760 millia
889 1723 898 1776 3
918 1709 950 1760 et
963 1702 1079 1761 dimisit
1092 1721 1149 1761 eos.

199 1785 390 1858 Offertorium.

196 1867 282 1924 Siout
304 1867 337 1924 in
360 1866 563 1924 holocaustum
591 1866 719 1924 arietum
743 1872 774 1923 et
796 1870 960 1937 tauronim,
984 1871 1016 1923 at
1042 1863 1121 1922 sieut
1146 1864 1180 1922 in
1207 1864 1346 1924 millibus

135 1966 278 2024 agnorum
292 1947 467 2024 pinguium:
488 1947 530 2004 sio
543 1947 597 2004 fiat
609 1946 787 2005 sacrificium
799 1952 935 2004 nostrum
948 1945 981 2002 in
995 1951 1153 2023 conspeetu
1168 1953 1224 2003 tuo
1244 1946 1345 2018 hodie,

136 2034 171 2087 ιιι
183 2028 299 2106 plau-eat
312 2029 376 2101 tibi,
392 2028 463 2105 quia
475 2047 537 2085 non
551 2035 596 2086 ast
609 2027 741 2086 confusio
755 2027 974 2085 confidentibus
986 2027 1019 2084 in
1032 2032 1073 2099 te,
1089 2026 1229 2085 Domina.

195 2108 316 2169 Secreto.

196 2190 372 2268 Propitiuro,
401 2190 540 2262 Domino,
568 2189 833 2266 supplicationibus
866 2188 985 2260 nostris,
1021 2193 1053 2247 et
1085 2188 1141 2245 has
1174 2186 1348 2249 oblationes

135 2271 237 2348 populi
250 2272 297 2330 tui
310 2271 455 2347 benignus
467 2290 591 2344 assume,
606 2278 637 2329 et
650 2277 686 2328 ut
702 2270 814 2328 nullius
832 2269 872 2328 sit
893 2270 1013 2327 irritum
1034 2274 1149 2341 votum,
1173 2274 1205 2327 et
1227 2269 1347 2330 nullius

136 2372 228 2411 vacua
253 2353 422 2429 postulatio,
449 2362 556 2429 praesta
581 2358 616 2410 ut
643 2351 723 2428 quod
744 2351 875 2410 fideliter
897 2351 1036 2429 petimus,
1058 2350 1219 2409 efficaciter
1242 2370 1346 2410 eonse-

136 2453 269 2510 quamur.
311 2432 371 2490 Per
384 2433 555 2491 Dominum.

196 2512 375 2574 Coris-:numo

195 2595 313 2653 Ino-lina
325 2615 426 2653 aurem
441 2601 544 2653 tuam:
568 2596 706 2666 accelera,
721 2599 757 2652 ut
771 2614 856 2652 eruas
869 2613 931 2651 nos.

195 2677 436 2735 Pasicommuuio.

194 2758 342 2836 Repleti,·
364 2760 500 2830 Domine,
520 2757 692 2815 munoribus
713 2757 782 2828 tuis,
806 2756 914 2828 tribue,
930 2774 1107 2832 quaesumus,
1131 2760 1289 2814 uteorum
1312 2764 1344 2815 et

134 2841 310 2898 mundemur
323 2842 438 2910 effectu,
453 2848 484 2898 ot
497 2840 668 2897 muniamur
681 2837 801 2895 auxilio.
845 2837 911 2895 Per.

602 3025 702 3082 anu
724 3024 861 3093 Quium

193 3125 243 3181 Asc
257 3124 405 3182 Ilommzos
418 3124 497 3201 (viii.
517 3123 593 3198 1-7).

193 3206 333 3262 Fratres:
354 3205 444 3261 Nune
465 3205 539 3261 nihil
561 3202 759 3260 damnationis
779 3222 870 3277 :isque
890 3202 930 3258 (al
950 3202 1015 3258 vita
1033 3205 1064 3258 et
1077 3219 1146 3276 pax,
1163 3200 1202 3258 In
1217 3200 1343 3260 Christo

132 3286 153 3342 J
155 3305 214 3355 esu,
231 3286 361 3342 Domino
375 3292 485 3343 nostro.

192 3366 359 3424 Seciuuluua
372 3366 547 3423 Mattianum
560 3366 633 3442 (xri.
652 3365 749 3440 1-12).

193 3447 232 3504 In
245 3446 297 3505 illo
311 3454 452 3523 tempore,
468 3449 666 3504 Accesserunt
678 3447 715 3504 ad
729 3447 751 3505 J
753 3466 835 3503 esum
849 3444 991 3502 Pharisaei
1005 3450 1037 3500 et
1050 3443 1206 3501 Sadducaei
1226 3449 1337 3521 tempt-

131 3535 216 3585 antes
240 3548 317 3599 esini,
343 3536 373 3585 et
400 3536 580 3605 rogaverunt
602 3548 679 3598 euni,
701 3534 736 3583 ιιι
760 3527 877 3604 signum
904 3526 941 3582 de
964 3524 1035 3582 culo
1061 3545 1149 3599 reisque
1172 3525 1215 3581 (ul
1242 3526 1296 3582 sed
1320 3548 1336 3583 a

132 3610 266 3666 uoetrina
280 3609 496 3668 Pharisaeorum
510 3616 541 3667 et
554 3609 789 3667 Sadducaeorum.

614 3795 714 3852 qus
739 3792 848 3851 Snxm.

191 3893 240 3950 ild
253 3893 401 3951 Ιιίιιιιιιιιοι
414 3893 493 3967 (ιὶἱῐ.
513 3894 607 3971 7-11).

194 3974 329 4032 Fratres:
355 3975 507 4052 Sapientia
524 3974 621 4032 caruis
642 3972 763 4030 inimica
785 3977 830 4029 est
851 3970 917 4027 Deo
938 3987 1029 4043 :esque
1050 3966 1091 4022 ud
1112 3965 1331 4024 inhabitantem

131 4056 276 4132 Spiritum
290 4057 353 4131 ejus
367 4057 399 4112 in
414 4056 505 4113 nobis

190 4138 356 4195 Seritrulum
370 4137 545 4194 llutllurum
558 4135 627 4209 (xi-i.
645 4134 719 4212 1-7)

192 4219 229 4275 Iu
249 4219 302 4277 illo
322 4226 463 4295 tempore,
482 4217 571 4273 Abiit
587 4216 609 4274 ,J
611 4235 677 4273 esus
697 4215 826 4273 Sabbato
847 4232 901 4291 per
919 4218 983 4270 sata
1005 4229 1095 4285 usque
1115 4209 1157 4266 ud
1176 4227 1326 4285 nunquam

129 4300 377 4358 condemnassetis
390 4300 569 4356 innoeentes

189 4428 200 4449 ⁶
217 4426 354 4472 MS.-Tua
366 4440 418 4473 uos.
429 4422 538 4469 unnim.
547 4422 696 4467 nieilicinalis
706 4421 813 4480 opulatio
822 4430 847 4466 et
856 4435 870 4466 ιι
880 4421 971 4466 nostris
981 4416 1181 4478 perversitatibus
1191 4415 1314 4462 clementer

129 4485 246 4543 expoliat.
256 4492 279 4531 et
291 4485 321 4530 ad
330 4502 359 4529 eu
368 4498 422 4543 quio
432 4494 496 4528 reeta
507 4490 562 4528 suut
573 4482 694 4542 perducat.
728 4482 780 4527 l'er.
