2806 4920
507 315 604 381 seta
624 314 827 383 Noveutbria
1201 318 1265 384 263

188 482 229 541 In
242 502 311 561 qua,
326 488 496 560 contempta
508 482 661 542 Maxentii
674 483 797 542 Caesaris
810 484 984 543 crudelitate
997 490 1028 541 et
1040 483 1165 555 malitia,

189 563 285 642 Virgo
293 563 420 641 gloriosa
432 570 464 622 et
475 572 590 642 martyr
602 565 735 641 insignis,
749 565 786 622 ad
800 566 864 624 caeli
876 566 1012 642 pervenit
1024 566 1144 644 fastigia

189 645 275 705 Urbe
287 645 474 703 Alexandria
486 653 591 704 exorta
604 645 781 719 Katharina,

188 725 277 784 Clara
289 745 328 784 ex
340 727 476 803 prosapia
489 725 571 784 Oosti
584 727 661 803 regis
674 727 742 799 filia,

188 805 349 865 Virtutum
362 806 538 884 prefulgens
550 808 646 884 gratia
659 807 884 884 litterarumque
897 808 1028 867 scientia

188 886 290 946 Sancti
304 887 431 964 Spiritus
444 889 578 965 potentia
590 889 654 965 ejus
664 889 855 965 perlustravit
868 896 993 966 pectora

187 967 434 1044 Philosophorum
447 988 540 1027 vacua
554 970 664 1027 honore
677 970 830 1046 gymnasia

188 1049 385 1126 Argumentis
397 1050 572 1127 approbarit
585 1057 616 1108 et
629 1051 713 1109 verbi
726 1049 898 1108 constantia

188 1128 271 1187 Hinc
284 1134 411 1202 tenetur,
425 1129 494 1188 hinc
507 1138 624 1189 arcetur
636 1132 773 1189 usrccrali
787 1130 927 1202 cirstodia,

189 1209 306 1268 Genera
318 1210 439 1286 quidem
451 1230 601 1288 paenarum
616 1213 764 1289 perferens
773 1212 935 1284 immania;

188 1290 241 1349 ad
254 1310 344 1367 quam
356 1292 459 1368 regina
471 1293 651 1350 visitandam
660 1293 800 1369 processit
814 1292 910 1369 prima
924 1291 1019 1349 noctis
1031 1291 1141 1368 vigilia

188 1370 265 1429 Cum
279 1371 444 1450 Porphyrio
454 1373 579 1432 credidit
592 1373 695 1432 videns
708 1374 751 1431 ibi
764 1373 935 1450 angelorum
947 1372 1095 1450 obsequia,

189 1451 334 1511 Claritate
346 1452 500 1531 fulgentia,

187 1531 326 1592 Veritate
339 1533 481 1612 potentia,

188 1612 322 1684 Quorum
335 1614 481 1692 suffragiis
494 1620 574 1673 rotas
588 1615 708 1674 vincens
722 1634 811 1674 aereas

188 1693 290 1753 Serrsa
303 1701 334 1753 et
346 1696 478 1772 taringas
491 1715 670 1773 exsuperans
683 1697 800 1768 ferreas,

188 1773 308 1834 Christo
321 1775 522 1834 Katharinam
535 1784 658 1835 vocante
671 1778 708 1835 ad
722 1797 813 1854 regna
826 1776 1015 1853 sempiterna,

187 1855 337 1932 Sanguine
349 1856 481 1915 laureata
493 1858 625 1916 ascendit
637 1858 685 1915 die
694 1858 843 1917 hodierna.

189 1935 282 2014 Oujus
295 1957 398 2015 corpus
411 1938 548 2015 sepelivit
560 1959 666 1997 manus
679 1939 811 2017 angelica
823 1939 856 1997 iu
869 1943 970 1996 monte
984 1936 1064 2010 Sina,

187 2015 301 2095 Liquor
313 2017 370 2077 olei
383 2018 464 2077 illius
477 2019 580 2078 efficax
594 2021 629 2078 fit
642 2020 767 2078 infirmis
780 2018 933 2078 medicina.

187 2097 299 2157 Omnes
312 2118 380 2176 ergo
392 2099 572 2159 celebrantes
585 2101 675 2178 hujus
688 2100 826 2159 natalitia

187 2177 247 2239 Per
259 2180 365 2239 secula
377 2181 439 2239 sint
451 2182 641 2258 possidentes,
655 2183 765 2254 Amen,
779 2201 906 2257 eupema
917 2180 1045 2258 praemia

125 2284 328 2361 Maeliana
370 2286 473 2344 Simile
487 2294 533 2345 eet
545 2307 669 2364 regnum
682 2287 819 2346 oaelorum
833 2286 978 2345 thesauro.

127 2364 322 2441 Offerwn’van.
365 2366 449 2426 Filia
462 2387 573 2444 regum

125 2446 249 2506 Secreto.

126 2526 265 2601 Munera,
280 2526 417 2601 Domine,
433 2529 586 2606 praesentis
599 2529 741 2602 sacrificii,
756 2549 822 2606 qua
841 2528 899 2586 tibi
918 2528 1068 2587 offerimus
1080 2527 1113 2584 in
1126 2525 1266 2584 honorem

64 2614 176 2667 mette
189 2608 365 2666 Katharinae
378 2609 511 2687 virginis,
529 2610 604 2668 fiant
620 2611 706 2668 nobis
721 2612 746 2687 ej
751 2630 785 2669 us
802 2610 937 2687 precibus
950 2610 1014 2666 vita
1027 2612 1176 2686 perpetua,
1190 2613 1219 2665 et
1234 2613 1265 2665 ts

64 2689 207 2762 donante,
221 2689 301 2748 salus
312 2689 439 2749 infinita
483 2692 541 2749 Per
555 2691 725 2749 Dominum.

127 2780 311 2842 Gornmsatio.
352 2782 456 2841 Simile
469 2789 515 2842 est
527 2803 650 2861 regnum
664 2784 809 2842 caelorum.

124 2861 371 2922 Postcommunio.

126 2941 288 3021 Suseeptis,
301 2943 440 3017 Domine,
453 2943 558 3003 salutis
575 2951 691 3003 aetemae
712 2945 860 3022 mysteriis
880 2942 1051 3020 suppliciter
1066 2941 1264 3019 deprecamur,

64 3030 100 3082 ut
112 3024 193 3083 mont
204 3024 303 3102 liquor
315 3025 368 3102 qui
381 3025 418 3084 de
431 3026 570 3084 membris
583 3026 676 3084 beate
696 3025 871 3084 Katberinas
884 3024 1008 3103 virginis
1021 3023 1135 3101 jugiter
1151 3028 1263 3094 manat,

64 3104 275 3184 languidorum
291 3125 413 3184 corpora
429 3113 515 3165 sanat
520 3126 530 3179 3
553 3106 596 3164 sic
613 3108 677 3183 ejus
696 3107 791 3165 oratio
809 3111 930 3165 cunctas
950 3125 968 3162 a
987 3104 1073 3163 nobis
1092 3103 1266 3180 iniquitates

65 3186 204 3265 expellat
245 3185 311 3246 Per.

379 3341 494 3401 Sancus
515 3343 600 3416 Luu,
622 3359 707 3401 rare
728 3359 766 3401 nr
785 3356 948 3401 uasrrnrs.

127 3460 270 3541 Offles’m
312 3463 481 3524 Sacerdotes
494 3465 549 3524 tui.

127 3545 232 3606 Oratio

125 3626 222 3699 Deua
250 3624 302 3703 qui
328 3626 450 3685 beatum
478 3626 589 3684 Linum
616 3631 777 3703 martyrem
803 3631 890 3683 tuum
919 3631 1008 3701 atque
1038 3621 1207 3701 pontificem
1234 3622 1267 3680 in

65 3706 283 3767 tentationibus
301 3708 443 3785 probasti,
465 3714 496 3765 et
517 3708 672 3784 probatum
693 3706 836 3784 martyrio
854 3705 1001 3764 coronasti
1011 3724 1020 3778 3
1045 3705 1136 3781 ipsius
1157 3703 1266 3761 sanctis

68 3787 182 3848 meritis
190 3788 317 3846 inomni
326 3788 519 3846 tribulatione
533 3795 619 3846 tuum
633 3794 740 3865 praeta
753 3786 906 3860 similium,
919 3794 950 3845 et
959 3786 1144 3863 sempiternae
1157 3783 1266 3842 consol-

67 3868 176 3929 ationis
187 3867 409 3928 interminabile
421 3869 570 3947 gaudium.
613 3869 679 3929 Per.

124 3961 268 4041 Epistola
312 3961 417 4021 Omnis
430 3963 572 4039 pontifex.

127 4042 263 4103 &aaut
305 4042 380 4103 Eoos
393 4044 533 4102 sacerdos.

127 4124 277 4202 Alleluya
325 4123 356 4184 V.
378 4123 517 4182 Posuisti

127 4204 331 4282 Eemsqeliam.
373 4205 476 4263 Homo
489 4205 610 4281 quidam
623 4204 738 4263 nobilis.

129 4286 324 4362 offertorium.
366 4286 476 4345 Inveni
488 4286 596 4344 David.

128 4367 252 4524 Q
266 4466 443 4527 quesumus
458 4447 588 4507 Domine
608 4448 692 4506 Deus
709 4453 818 4520 noster,
832 4453 868 4504 ut
886 4446 964 4505 sicut
984 4446 1017 4504 in
1038 4451 1091 4503 tuo
1111 4446 1266 4520 conspectu
