2804 4920
483 303 531 368 Iu
551 302 645 368 Festo
666 302 777 368 euracli
798 302 972 388 Stephani.

508 482 549 539 In
567 498 623 540 nm
642 498 746 541 aaron
768 482 933 542 Srrrnaxt.

182 562 322 639 Officium.

178 642 300 702 Etenim
321 643 461 703 sederunt
481 643 628 721 principes
647 649 678 702 et
697 644 851 703 adversum
873 664 921 703 me
942 644 1150 722 loquebantur,
1172 654 1205 707 et
1224 646 1314 727 iniqui

117 725 263 801 persecuti
282 731 353 783 aunt
372 744 426 783 me.
468 724 591 800 Adjuva
610 745 665 793 me,
680 725 808 783 Domine
823 725 906 783 Deus
925 745 1018 800 meus,
1037 727 1108 805 quia
1127 747 1232 787 servus
1250 735 1313 789 tuus

117 806 310 864 exercebatur
323 806 355 864 in
368 806 429 864 tuis
438 805 708 882 justificationibus

177 887 322 946 Prolatus.

176 968 263 1026 Beati
277 966 459 1026 immaculati
472 966 504 1025 in
518 967 583 1027 via:
605 967 658 1044 qui
671 967 826 1026 ambulant
839 967 872 1026 in
885 969 950 1047 lege
963 968 1095 1028 Domini.

175 1048 284 1107 Oratio.

173 1128 223 1187 Da
235 1129 328 1202 nobie,
342 1149 517 1207 quresumuS,
533 1129 670 1201 Domine,
684 1129 796 1188 imitari
816 1129 895 1209 quod
915 1130 1047 1205 colimus,
1062 1136 1098 1189 nt
1114 1132 1263 1193 discam
1282 1143 1309 1192 et

113 1209 246 1268 inimicos
266 1211 405 1287 diligam:
427 1211 497 1288 quia
517 1211 579 1286 ejus
599 1210 737 1269 natalitia
756 1212 946 1283 celebramus,
969 1212 1022 1289 qui
1042 1213 1128 1270 novit
1148 1214 1242 1273 etiam
1260 1234 1308 1293 pro

111 1292 344 1366 persecutoribus
357 1311 479 1350 exorare
490 1291 654 1350 Dominum
667 1298 802 1349 nostrum
809 1292 831 1351 J
833 1311 917 1351 esum
925 1292 1078 1355 Christum
1088 1292 1202 1355 Filium
1216 1302 1304 1355 tuum.

114 1371 174 1441 Qui
187 1378 292 1432 tecum.

170 1454 316 1513 illemmic
335 1455 370 1512 (le
388 1453 550 1512 Naticduttc
565 1474 621 1529 per
641 1462 730 1511 tolum
750 1452 979 1525 latomenus,-
1000 1464 1026 1513 et
1047 1456 1133 1513 tertia
1155 1455 1258 1515 Oratio
1275 1458 1305 1515 ele

109 1534 191 1671 leam
204 1535 316 1608 illaria,
331 1535 435 1593 scilicet
449 1534 530 1593 Deus
544 1536 596 1611 qui
609 1534 720 1606 salutis,
735 1534 789 1593 hac
809 1536 856 1593 dic
877 1536 988 1593 dicitur
1006 1545 1132 1609 tent-um,
1148 1547 1175 1597 ct
1189 1558 1249 1597 reon
1256 1558 1304 1615 per

129 1615 325 1675 ebdomadam.

168 1696 264 1755 Lectio
278 1697 406 1755 Astacum
418 1695 622 1772 Apostolorum
635 1696 693 1770 (oi.
710 1697 788 1770 8-10,
806 1697 855 1755 eii.
872 1697 989 1773 5460).

169 1777 208 1835 In
229 1777 330 1836 diebus
350 1778 418 1849 illis,
433 1778 600 1855 Stephanus
620 1779 724 1855 plenus
744 1778 839 1854 gratia
860 1786 891 1836 et
912 1778 1087 1838 fortitudine
1103 1779 1231 1839 faciebat
1244 1802 1299 1859 pm·

107 1856 186 1934 digia
200 1863 231 1916 et
243 1860 327 1936 signa
340 1879 446 1937 magna
460 1860 490 1917 in
504 1858 612 1937 populo
626 1860 770 1934 usquead
784 1858 825 1916 Et
839 1879 905 1917 cum
920 1859 975 1917 hoc
986 1859 1119 1935 dixisset,
1130 1862 1297 1920 obdormirit

107 1937 139 1994 in
155 1938 291 1998 Domino.

169 2018 303 2080 &celaia

167 2100 312 2160 Sedernnt
325 2102 472 2179 principos
485 2107 516 2160 et
529 2101 685 2159 adversmn
698 2120 745 2159 me
759 2100 976 2179 loquebantur3
998 2108 1029 2161 et
1045 2103 1143 2181 iniqui
1162 2104 1292 2182 persecuti

107 2188 177 2240 aunt
191 2202 246 2243 me.

113 2262 140 2321 V.
166 2263 288 2340 Adjuva
300 2283 357 2336 mc,
374 2263 503 2322 Domine
517 2264 599 2321 Deus
616 2282 718 2323 meus:
742 2263 857 2321 salvum
875 2284 922 2322 me
940 2264 986 2322 inc
1005 2272 1128 2343 propter
1148 2266 1291 2326 misericor

105 2342 184 2400 diam
197 2350 288 2402 tuam.

164 2423 313 2502 Alleluya.
362 2426 392 2485 Υ.
415 2424 512 2483 Video
532 2423 616 2483 calos
629 2430 762 2502 apertos:
782 2431 814 2485 et
827 2425 849 2483 J
851 2446 931 2484 esum
947 2432 1077 2486 stantem
1090 2447 1109 2486 a
1122 2428 1232 2488 dextris
1243 2426 1290 2484 vir

105 2504 179 2561 tutis
193 2505 260 2564 Dei.

163 2584 327 2663 »Sequentia

223 2668 352 2747 Magnus
366 2670 448 2727 Deus
462 2668 493 2726 in
507 2668 645 2726 universa
659 2674 758 2728 terra:

222 2749 335 2827 Magna
348 2756 418 2808 sunt
432 2751 496 2827 ejus
510 2750 619 2827 ubique
633 2750 731 2808 omnia
745 2751 777 2806 in
790 2750 860 2806 caelo
874 2756 963 2826 atque
976 2751 1009 2807 in
1024 2756 1104 2809 terra
1117 2773 1222 2830 opera:

222 2832 282 2901 Qui
291 2840 335 2890 est
344 2833 411 2890 Rex
420 2852 531 2909 regum,
543 2831 690 2889 Dominus
698 2832 840 2901 omnium,
850 2852 868 2888 a
877 2831 967 2889 Patre
974 2834 1092 2908 genitus
1103 2842 1172 2892 ante
1182 2830 1292 2897 seeum

222 2913 315 2989 Cujus
328 2913 434 2971 caritas
447 2933 517 2971 vera
530 2912 600 2970 caelo
614 2913 749 2970 sublevat
764 2912 946 2987 Stephanum
960 2913 996 2970 de
1010 2921 1097 2986 terra,

222 2996 324 3070 Atque
339 2993 462 3071 perenni
474 2994 538 3051 vita
551 2999 638 3050 ornat
651 2992 776 3050 candida
789 2992 919 3068 digniter
933 3013 1046 3052 corona.

222 3073 333 3132 Plenus
347 3075 426 3132 enim
440 3074 606 3150 Stephanus
621 3073 743 3130 Deitatc
756 3079 845 3149 atquc
858 3074 954 3150 gratiis

221 3153 334 3230 Magna
346 3155 436 3211 dabat
449 3154 590 3230 prodigia,
607 3154 712 3211 docens
726 3153 877 3210 verissima
890 3155 1034 3232 dogmata

222 3234 298 3291 Cum
312 3242 412 3293 autem
426 3234 597 3311 larmdimret
606 3235 671 3310 jam
684 3235 840 3309 praesentia

221 3315 340 3373 Nostrae
354 3315 563 3392 redemptionis
576 3334 653 3372 nova
666 3314 791 3391 gaudia,

221 3396 345 3454 Intento
357 3397 390 3453 in
403 3416 530 3473 superna
543 3395 606 3453 caeli
620 3402 702 3472 patet
711 3395 812 3472 janua,

219 3478 366 3555 Dixitque
379 3477 582 3535 circumstanti
595 3477 674 3555 plebi
689 3496 758 3533 vocc
772 3477 898 3553 publica,

220 3558 309 3617 Sacra
323 3559 425 3635 plenus
438 3559 551 3635 gratia3

218 3640 294 3698 Ecce
308 3641 365 3698 Dei
380 3641 465 3697 video
478 3639 680 3698 admirabilem
693 3638 816 3716 gloriam

219 3720 362 3780 Claritate
375 3721 494 3798 fulgida,

217 3803 321 3878 Atque
334 3803 356 3861 J
358 3822 439 3860 ceum
452 3809 581 3860 stantem
594 3803 626 3860 in
640 3802 761 3859 virtutis
775 3801 833 3859 Dei
848 3802 978 3863 dextera

216 3882 338 3941 Etcum
352 3885 408 3942 hoc
421 3883 550 3942 audisset
562 3884 655 3961 impia
668 3903 739 3960 gens
753 3882 775 3939 J
776 3883 888 3957 ndaica,

216 3964 302 4023 Dans
315 3965 466 4023 fremitum
480 3965 593 4022 concita

217 4047 346 4116 Quassat
358 4045 506 4122 lapidibus
520 4045 662 4121 Stephani
675 4045 814 4102 membra.

214 4128 273 4185 Sed
286 4135 346 4185 stat
359 4127 477 4184 fortiter
489 4126 603 4202 paticus
616 4134 730 4202 martyr
743 4132 774 4184 et
787 4133 870 4201 orat,

213 4209 262 4267 Ne
276 4210 326 4281 eis,
343 4207 468 4279 Christe,
484 4226 593 4264 noxam
607 4212 738 4279 statuas,

213 4290 271 4350 Sed
286 4291 351 4367 jam
365 4288 463 4365 accipe
476 4288 613 4364 spiritum
628 4306 744 4347 meum:

212 4372 254 4430 Et
267 4392 334 4430 cnm
348 4371 403 4428 hoc
417 4369 549 4440 dixisset,
563 4368 595 4425 in
609 4368 738 4426 Domino
752 4369 931 4428 obdormivit
944 4391 1014 4448 paca
1029 4381 1146 4435 aterna.

211 4453 257 4511 Τιι
270 4461 301 4514 et
315 4452 399 4512 nobis
412 4456 534 4528 martyr,
549 4449 575 4507 Ο
590 4448 746 4529 Stephane,
762 4452 940 4530 sempiterna
954 4454 1079 4532 impetra
1093 4457 1209 4536 gaudia
