2804 4920
443 346 659 413 Hebdomada
680 347 705 412 i.
729 347 911 413 Adventus.

540 587 640 644 Fron
661 587 814 646 Suouroe

135 717 229 775 Ferat
236 716 370 789 murteta,
381 725 407 774 et
415 715 552 774 inFeriie
561 736 615 792 per
624 716 840 791 hebdomadam,
853 717 965 776 dicitur
977 717 1073 775 Mioea
1088 717 1282 776 Dominicalio

72 800 136 856 eine
157 798 312 873 »tenimenta
332 807 358 855 et
379 796 482 870 Credo,
498 798 619 872 exceptis
631 797 772 873 Epiototio
790 808 816 855 et
829 798 998 874 Doanqetiie
1017 799 1051 856 in
1065 797 1153 856 Feria
1174 808 1282 873 quarta

73 890 101 937 et
114 889 194 937 ecam
209 879 340 954 leonatis.
382 878 424 936 Et
437 879 478 936 oio
490 882 551 953 fiat
564 879 598 935 in
611 878 744 936 omnibus
757 878 861 950 Feriis,
877 881 995 954 quaudo
1008 881 1043 938 de
1058 878 1153 937 Feriis
1172 880 1280 954 apitevr,

72 982 165 1036 reoque
187 961 228 1017 ad
254 959 392 1034 Vipiiram
408 959 531 1017 Noudie
548 960 679 1032 Domini,
695 969 721 1016 et
745 981 765 1017 a
789 960 927 1033 Domine,
942 981 980 1018 ne
1004 960 1036 1017 in
1059 960 1105 1018 ira
1127 981 1217 1035 ueqeee
1241 962 1282 1018 ad

74 1041 331 1118 ,S'eptuapeeimam
346 1050 372 1097 et
386 1061 406 1097 a
419 1040 637 1120 Septuapeeima
649 1061 740 1115 voque
753 1042 794 1098 ad
808 1040 933 1113 Cineres,
949 1050 975 1098 et
987 1042 1023 1100 ab
1040 1039 1147 1099 Octava
1161 1041 1282 1100 Paralia

74 1143 164 1197 ueqru
177 1123 219 1179 ad
231 1122 413 1196 Bopationee,
428 1123 549 1197 exceptio
562 1121 659 1179 Feriie
674 1122 820 1192 Quattuor
835 1123 1008 1197 Temperiem
1021 1121 1179 1180 Adventue.

138 1203 204 1261 Hac
228 1203 326 1275 Feria,
348 1212 375 1261 et
397 1203 432 1259 in
458 1202 591 1260 ottonibus
614 1202 718 1276 Feriis,
741 1211 767 1260 et
790 1203 884 1261 Fectio
908 1204 999 1260 trium
1025 1203 1193 1261 Lectionum
1221 1203 1282 1262 cirre

74 1285 215 1359 rcpimine
240 1283 331 1342 Obori
349 1303 404 1360 per
423 1304 538 1341 annum
564 1304 624 1341 non
643 1287 684 1358 fit
707 1284 837 1359 repetitio
862 1283 956 1360 Officii
979 1285 1054 1342 inter
1075 1284 1229 1341 Perat-mune
1256 1295 1281 1342 et

75 1366 181 1424 Gloria
194 1364 287 1436 Patri,
303 1366 352 1422 oed
367 1372 483 1421 tautum
491 1374 558 1440 poet
573 1364 675 1422 Gloria
689 1364 782 1422 Petri.

136 1447 205 1504 Ilao
218 1446 265 1503 die
279 1455 305 1503 et
322 1446 357 1503 in
369 1445 465 1503 Ferirb
482 1466 537 1522 per
549 1445 715 1503 Adventum
727 1443 790 1520 fiat
810 1447 949 1504 noentoria
969 1447 1004 1504 de
1024 1455 1125 1503 earuta
1141 1446 1244 1503 risoria
1257 1455 1283 1505 et

74 1529 110 1585 ‹te
135 1526 270 1585 onereibuo
292 1526 416 1598 Sanctio,
443 1536 555 1602 excepto
579 1526 702 1585 Sabbata
728 1526 876 1597 Quattuor
901 1527 1081 1603 Temporum.
1134 1527 1178 1584 De
1202 1527 1283 1585 beata

77 1609 190 1680 Jsan'a,
206 1607 308 1666 Oratio
321 1607 404 1665 Deus
419 1608 471 1683 qui
485 1607 520 1664 de
534 1608 645 1665 beatae:
668 1607 712 1664 De
728 1608 862 1666 moenibus
874 1607 998 1679 Sarectie,
1015 1608 1114 1666 Oratio
1129 1607 1284 1666 Conscien-

76 1691 134 1746 tius
162 1695 288 1760 nostras,
316 1688 377 1746 nui
403 1688 522 1746 Festum
550 1689 640 1746 trium
668 1688 837 1746 Lectionum
864 1689 898 1745 in
925 1690 965 1746 eie
991 1689 1147 1764 corruperit.
1190 1688 1231 1746 m
1258 1689 1285 1746 ei

76 1771 197 1827 Festum
219 1770 311 1826 trium
331 1769 484 1828 ledmnum
505 1779 644 1840 ncommod,
662 1779 731 1826 turm
751 1770 878 1826 secunda
893 1768 1017 1828 Ootlecta
1035 1770 1089 1828 erit
1110 1771 1144 1826 de
1158 1769 1285 1829 Sancto:

77 1851 224 1909 Attenia-ia
237 1850 272 1908 de
286 1851 419 1908 ormubuo
432 1850 549 1909 Sanctio
558 1850 602 1908 oet
614 1852 648 1907 de
663 1850 744 1908 beata
758 1850 870 1921 Maria,
882 1871 939 1927 pro
957 1850 1102 1908 voluntate
1112 1850 1282 1909 ›S'aaerdote‘a

77 1933 160 2002 Ouia
172 1952 238 1990 vero
251 1933 287 1990 de
300 1931 393 1990 Fectio
414 1932 505 1989 trium
519 1931 688 1989 Lectionum
703 1951 760 2007 per
775 1930 941 1989 Adventum
961 1932 1190 2006 continpentibuo
1208 1931 1289 1990 nibil

67 2017 133 2087 fiet,
159 2014 220 2070 niei
243 2013 387 2071 meritoria
410 2021 534 2083 tantum,
560 2011 674 2070 Octavio
697 2013 792 2069 sancti
814 2011 947 2083 Andreoe,
969 2032 1034 2086 quie
1057 2031 1144 2068 cuum
1166 2011 1286 2088 pienum

76 2095 182 2152 beebent
199 2093 332 2168 Officium
345 2094 379 2150 in
393 2093 487 2151 Musa
501 2102 527 2150 et
541 2093 724 2152 Matutinie:
744 2101 770 2151 et
785 2102 853 2151 tunc
867 2094 901 2151 in
914 2093 1010 2151 Me'oea
1023 2094 1057 2152 de
1071 2093 1157 2150 dictio
1172 2092 1287 2151 Octa-vio

68 2179 125 2250 fiet
139 2175 280 2233 anuceria
293 2176 327 2232 de
340 2174 483 2232 Adoeretn.

141 2256 316 2314 Notandum
342 2257 420 2330 quod
450 2256 483 2312 in
510 2254 605 2312 Feriis
635 2274 689 2329 per
717 2264 808 2312 totum
835 2253 1008 2328 Adventum,
1037 2254 1158 2331 coemtio
1189 2254 1288 2313 Feriio

80 2338 227 2408 Quattuor
243 2335 416 2412 Temporuue
429 2345 456 2393 et
475 2335 581 2410 tuitio
595 2335 717 2393 Natatm
730 2335 861 2406 Domini,
877 2337 918 2394 ad
933 2335 1059 2394 Sanctus
1068 2345 1095 2394 et
1108 2334 1288 2394 Benedictus

77 2418 132 2495 qui
151 2417 244 2491 venit,
261 2421 325 2493 fine
350 2426 431 2475 tenete
450 2421 510 2493 fiat
528 2417 689 2493 prostratio
711 2437 800 2492 neqve
823 2418 864 2474 ad
887 2417 1076 2494 inceptionem
1093 2418 1200 2494 Agnus
1218 2416 1286 2489 Dei,

76 2510 105 2555 et
135 2509 205 2556 tunc
229 2501 290 2574 fiat
314 2498 416 2556 levatio
436 2518 525 2573 veqeee
550 2497 692 2556 Miserere
716 2498 810 2569 nobis,
833 2507 859 2555 et
878 2499 920 2556 ibi
939 2499 1120 2574 prostratio:
1147 2507 1173 2555 et
1193 2498 1234 2555 cic
1254 2497 1288 2554 iu

77 2581 194 2638 domiue
203 2579 310 2656 Agnus
320 2579 519 2654 eeqcnntibue:
540 2588 566 2636 et
575 2579 735 2654 maceratio
740 2577 801 2653 fiat
815 2579 850 2636 ab
865 2579 933 2636 iude
946 2599 1035 2654 reoque
1046 2580 1087 2636 ad
1100 2578 1288 2654 inceptionem

78 2661 313 2720 Communionie.
356 2658 441 2718 Idem
460 2663 520 2735 stat
547 2660 581 2716 in
604 2659 702 2717 Feriis
725 2680 745 2716 a
770 2660 979 2735 Purificatione
1003 2660 1047 2717 oet
1072 2658 1289 2735 Septuapeoima

78 2762 170 2817 oreque
193 2741 236 2800 ud
259 2741 369 2800 Cererem
392 2741 523 2813 Domini,
546 2750 655 2817 eucepto
678 2740 803 2798 Sabbata
829 2741 973 2811 Quattuor
998 2741 1190 2815 Temperiem:
1219 2748 1245 2797 et
1269 2760 1288 2796 a

77 2823 165 2880 Dauo
178 2823 313 2880 omnium
327 2842 415 2897 aeque
430 2823 470 2880 ad
483 2822 655 2891 Adventum,
671 2830 781 2896 excepto
801 2819 925 2879 Sabbata
948 2821 1092 2891 Quattuor
1108 2820 1285 2896 Temporum

79 2903 168 2961 Idem
182 2905 217 2960 in
230 2904 333 2961 Miooie
348 2923 404 2979 pro
418 2903 574 2978 Defunotie
588 2902 673 2960 dictio
686 2903 726 2959 ad
739 2901 859 2959 Altaria
879 2900 1065 2971 collateralia,
1080 2910 1191 2976 excepto
1211 2901 1289 2975 quod

80 2987 113 3040 tn
135 2986 284 3043 aoremredo
303 2984 410 3062 Agnus
432 2984 490 3041 Dei
511 2983 596 3040 nulla
612 2983 817 3064 ,etat-levatio:
844 3003 894 3042 neo
918 2983 952 3040 in
975 2983 1040 3040 ictio
1053 2982 1155 3040 Mieno
1178 2981 1290 3039 dicitur

77 3066 230 3142 Requiem
245 3073 385 3124 oeternum
394 3074 461 3141 poot
476 3063 668 3140 Offertoriom

557 3267 656 3324 Fron
677 3267 814 3337 Quenrn

143 3413 285 3491 Epicteto.
308 3412 405 3470 Lectio
419 3411 518 3469 Deoia
525 3411 676 3487 Propiutce
693 3409 748 3487 (al.
767 3408 840 3489 1-8)

143 3509 219 3566 Heoc
232 3506 306 3565 dicit
319 3506 465 3564 Dominus
480 3505 580 3562 Deus:
601 3503 810 3576 Consolamini,
825 3502 1018 3562 consolemini
1031 3523 1120 3579 noque
1135 3503 1175 3560 ad
1194 3501 1287 3560 stabit

77 3595 111 3650 in
126 3596 281 3648 aeternurn

144 3685 345 3761 Evanqeiium.
388 3683 555 3743 Semeudum
569 3681 743 3739 Mattboeum
756 3682 817 3758 (iii.
837 3680 909 3761 1-6)

143 3780 184 3838 In
198 3779 251 3837 illo
264 3786 404 3856 tompore,
420 3777 516 3835 Venit
528 3776 550 3834 J
552 3776 681 3835 ohannes
695 3796 784 3850 reoqoee
798 3776 838 3833 ad
852 3775 1026 3835 confitentes
1039 3783 1157 3853 peccota
1172 3796 1232 3836 sua.

569 3968 669 4026 Furor
690 3968 798 4027 Suxru

144 4115 240 4173 Lectio
253 4113 353 4171 Deoia
366 4112 517 4189 Propheta
530 4111 609 4189 (otii.
629 4112 722 4191 1-13).

143 4209 221 4267 Haeo
234 4207 307 4266 dicit
320 4206 468 4265 Dominus
481 4206 582 4266 Deus:
603 4207 680 4265 ane
693 4226 796 4265 seruus
809 4227 891 4266 meus
905 4227 994 4283 mqeee
1009 4208 1050 4267 ad
1063 4207 1287 4266 confortabitur.

144 4304 347 4383 anrrqelium.
391 4303 556 4365 Secundum
570 4304 682 4362 Lucam
695 4303 755 4381 (iii
771 4305 865 4383 7-18)

144 4400 184 4459 In
197 4399 251 4460 illo
264 4404 407 4478 tempore,
423 4399 550 4460 Dicebat
570 4399 592 4458 J
594 4418 703 4458 oannes
723 4398 761 4457 ed
781 4399 884 4458 turbas
904 4419 993 4476 eroque
1014 4400 1055 4459 od
1074 4399 1294 4478 evangelizabat

78 4482 202 4563 morlo
