<?xml version="1.0" encoding="UTF-8"?>
<!DOCTYPE html PUBLIC "-//W3C//DTD XHTML 1.0 Transitional//EN"
    "http://www.w3.org/TR/xhtml1/DTD/xhtml1-transitional.dtd">
<html xmlns="http://www.w3.org/1999/xhtml" xml:lang="en" lang="en">
 <head>
  <title>
</title>
<meta http-equiv="Content-Type" content="text/html;charset=utf-8" />
  <meta name='ocr-system' content='tesseract 3.04.00' />
  <meta name='ocr-capabilities' content='ocr_page ocr_carea ocr_par ocr_line ocrx_word'/>
</head>
<body>
  <div class='ocr_page' id='page_1' title='image "./missaleadusumpe00churgoog_0361.png"; bbox 0 0 2804 4920; ppageno 0'>
   <div class='ocr_carea' id='block_1_1' title="bbox 607 351 904 446">
    <p class='ocr_par' dir='ltr' id='par_1_1' title="bbox 607 351 904 446">
     <span class='ocr_line' id='line_1_1' title="bbox 607 351 904 446; baseline 0 -30"><span class='ocrx_word' id='word_1_1' title='bbox 607 352 721 446; x_wconf 22' lang='lat' dir='ltr'><strong>,rata</strong></span> <span class='ocrx_word' id='word_1_2' title='bbox 741 351 904 437; x_wconf 67' lang='lat' dir='ltr'><strong>Any-uati.</strong></span> 
     </span>
    </p>
   </div>
   <div class='ocr_carea' id='block_1_2' title="bbox 515 517 1033 2456">
    <p class='ocr_par' dir='ltr' id='par_1_2' title="bbox 515 517 1033 2456">
     <span class='ocr_line' id='line_1_2' title="bbox 515 517 818 596; baseline 0 -20"><span class='ocrx_word' id='word_1_3' title='bbox 515 518 561 589; x_wconf 83' lang='lat' dir='ltr'><strong>Tu</strong></span> <span class='ocrx_word' id='word_1_4' title='bbox 574 517 660 596; x_wconf 85' lang='lat' dir='ltr'><strong>parvi</strong></span> <span class='ocrx_word' id='word_1_5' title='bbox 673 517 818 596; x_wconf 78' lang='lat' dir='ltr'><strong>etmagni</strong></span> 
     </span>
     <span class='ocr_line' id='line_1_3' title="bbox 515 599 763 676; baseline -0.004 -19"><span class='ocrx_word' id='word_1_6' title='bbox 515 600 623 657; x_wconf 86' lang='lat' dir='ltr'>Leonis</span> <span class='ocrx_word' id='word_1_7' title='bbox 637 606 667 657; x_wconf 88' lang='lat' dir='ltr'><strong>et</strong></span> <span class='ocrx_word' id='word_1_8' title='bbox 680 599 763 676; x_wconf 82' lang='lat' dir='ltr'><strong>Agni</strong></span> 
     </span>
     <span class='ocr_line' id='line_1_4' title="bbox 515 678 804 738; baseline -0.007 0"><span class='ocrx_word' id='word_1_9' title='bbox 515 681 677 738; x_wconf 79' lang='lat' dir='ltr'><strong>Salvatorie</strong></span> <span class='ocrx_word' id='word_1_10' title='bbox 691 678 804 738; x_wconf 77' lang='lat' dir='ltr'><strong>Christi</strong></span> 
     </span>
     <span class='ocr_line' id='line_1_5' title="bbox 515 760 838 839; baseline -0.006 -21"><span class='ocrx_word' id='word_1_11' title='bbox 515 760 669 839; x_wconf 82' lang='lat' dir='ltr'><strong>Templum</strong></span> <span class='ocrx_word' id='word_1_12' title='bbox 684 760 838 832; x_wconf 74' lang='lat' dir='ltr'><strong>exstitisti,</strong></span> 
     </span>
     <span class='ocr_line' id='line_1_6' title="bbox 556 842 844 918; baseline -0.003 -18"><span class='ocrx_word' id='word_1_13' title='bbox 556 842 612 900; x_wconf 81' lang='lat' dir='ltr'><strong>Sed</strong></span> <span class='ocrx_word' id='word_1_14' title='bbox 627 843 710 918; x_wconf 81' lang='lat' dir='ltr'><strong>virgo</strong></span> <span class='ocrx_word' id='word_1_15' title='bbox 724 842 844 899; x_wconf 81' lang='lat' dir='ltr'><strong>intacta.</strong></span> 
     </span>
     <span class='ocr_line' id='line_1_7' title="bbox 515 922 787 981; baseline -0.004 -1"><span class='ocrx_word' id='word_1_16' title='bbox 515 922 560 980; x_wconf 86' lang='lat' dir='ltr'><strong>Tu</strong></span> <span class='ocrx_word' id='word_1_17' title='bbox 575 923 656 980; x_wconf 83' lang='lat' dir='ltr'><strong>floris</strong></span> <span class='ocrx_word' id='word_1_18' title='bbox 669 932 700 981; x_wconf 90' lang='lat' dir='ltr'><strong>et</strong></span> <span class='ocrx_word' id='word_1_19' title='bbox 713 923 787 980; x_wconf 83' lang='lat' dir='ltr'><strong>roria</strong></span> 
     </span>
     <span class='ocr_line' id='line_1_8' title="bbox 516 1003 798 1080; baseline -0.007 -19"><span class='ocrx_word' id='word_1_20' title='bbox 516 1003 607 1061; x_wconf 83' lang='lat' dir='ltr'><strong>Panis</strong></span> <span class='ocrx_word' id='word_1_21' title='bbox 621 1010 651 1061; x_wconf 90' lang='lat' dir='ltr'><strong>et</strong></span> <span class='ocrx_word' id='word_1_22' title='bbox 665 1005 798 1080; x_wconf 85' lang='lat' dir='ltr'><strong>pastoris,</strong></span> 
     </span>
     <span class='ocr_line' id='line_1_9' title="bbox 516 1085 861 1161; baseline 0.003 -21"><span class='ocrx_word' id='word_1_23' title='bbox 516 1085 676 1161; x_wconf 85' lang='lat' dir='ltr'><strong>Virginum</strong></span> <span class='ocrx_word' id='word_1_24' title='bbox 691 1085 801 1161; x_wconf 86' lang='lat' dir='ltr'><strong>regina,</strong></span> <span class='ocrx_word' id='word_1_25' title='bbox 858 1105 861 1111; x_wconf 91' lang='lat'>·</span> 
     </span>
     <span class='ocr_line' id='line_1_10' title="bbox 516 1165 780 1242; baseline -0.004 -19"><span class='ocrx_word' id='word_1_26' title='bbox 516 1165 597 1223; x_wconf 88' lang='lat' dir='ltr'><strong>Rosa</strong></span> <span class='ocrx_word' id='word_1_27' title='bbox 610 1167 673 1223; x_wconf 87' lang='lat' dir='ltr'><strong>aine</strong></span> <span class='ocrx_word' id='word_1_28' title='bbox 687 1166 780 1242; x_wconf 82' lang='lat' dir='ltr'><strong>apina,</strong></span> 
     </span>
     <span class='ocr_line' id='line_1_11' title="bbox 556 1246 856 1318; baseline -0.007 -13"><span class='ocrx_word' id='word_1_29' title='bbox 556 1246 701 1305; x_wconf 84' lang='lat' dir='ltr'><strong>Genetrix</strong></span> <span class='ocrx_word' id='word_1_30' title='bbox 715 1266 745 1304; x_wconf 82' lang='lat' dir='ltr'><strong>ea</strong></span> <span class='ocrx_word' id='word_1_31' title='bbox 758 1247 856 1318; x_wconf 82' lang='lat' dir='ltr'><strong>sacta3</strong></span> 
     </span>
     <span class='ocr_line' id='line_1_12' title="bbox 516 1326 916 1404; baseline -0.003 -20"><span class='ocrx_word' id='word_1_32' title='bbox 516 1327 561 1384; x_wconf 89' lang='grc' dir='ltr'><strong>Τιι</strong></span> <span class='ocrx_word' id='word_1_33' title='bbox 575 1328 680 1385; x_wconf 81' lang='lat' dir='ltr'><strong>civitas</strong></span> <span class='ocrx_word' id='word_1_34' title='bbox 693 1327 771 1404; x_wconf 81' lang='lat' dir='ltr'><strong>regie</strong></span> <span class='ocrx_word' id='word_1_35' title='bbox 780 1326 916 1403; x_wconf 72' lang='lat' dir='ltr'><strong>justitiae,</strong></span> 
     </span>
     <span class='ocr_line' id='line_1_13' title="bbox 515 1408 943 1480; baseline -0.005 -15"><span class='ocrx_word' id='word_1_36' title='bbox 515 1409 560 1465; x_wconf 88' lang='lat' dir='ltr'><strong>Tu</strong></span> <span class='ocrx_word' id='word_1_37' title='bbox 575 1416 714 1466; x_wconf 79' lang='lat' dir='ltr'><strong>mataras</strong></span> <span class='ocrx_word' id='word_1_38' title='bbox 729 1408 943 1480; x_wconf 67' lang='lat' dir='ltr'><strong>misericordiae,</strong></span> 
     </span>
     <span class='ocr_line' id='line_1_14' title="bbox 516 1483 1004 1566; baseline 0 -20"><span class='ocrx_word' id='word_1_39' title='bbox 516 1489 712 1566; x_wconf 87' lang='lat' dir='ltr'><strong>Theophilum</strong></span> <span class='ocrx_word' id='word_1_40' title='bbox 726 1489 888 1546; x_wconf 83' lang='lat' dir='ltr'><strong>reformans</strong></span> <span class='ocrx_word' id='word_1_41' title='bbox 901 1483 1004 1565; x_wconf 78' lang='lat' dir='ltr'><strong>gratiae</strong></span> 
     </span>
     <span class='ocr_line' id='line_1_15' title="bbox 557 1570 965 1628; baseline 0.002 -2"><span class='ocrx_word' id='word_1_42' title='bbox 557 1570 603 1628; x_wconf 91' lang='lat' dir='ltr'><strong>De</strong></span> <span class='ocrx_word' id='word_1_43' title='bbox 617 1570 682 1628; x_wconf 87' lang='lat' dir='ltr'><strong>lacu</strong></span> <span class='ocrx_word' id='word_1_44' title='bbox 696 1570 774 1628; x_wconf 78' lang='lat' dir='ltr'><strong>sacis</strong></span> <span class='ocrx_word' id='word_1_45' title='bbox 788 1577 819 1627; x_wconf 90' lang='lat' dir='ltr'><strong>et</strong></span> <span class='ocrx_word' id='word_1_46' title='bbox 832 1570 965 1627; x_wconf 74' lang='lat' dir='ltr'><strong>miseria.</strong></span> 
     </span>
     <span class='ocr_line' id='line_1_16' title="bbox 516 1651 798 1728; baseline 0 -20"><span class='ocrx_word' id='word_1_47' title='bbox 516 1652 595 1728; x_wconf 83' lang='lat' dir='ltr'><strong>Ergo</strong></span> <span class='ocrx_word' id='word_1_48' title='bbox 610 1653 699 1709; x_wconf 82' lang='lat' dir='ltr'><strong>maris</strong></span> <span class='ocrx_word' id='word_1_49' title='bbox 712 1651 798 1709; x_wconf 82' lang='lat' dir='ltr'><strong>stella</strong></span> 
     </span>
     <span class='ocr_line' id='line_1_17' title="bbox 515 1732 777 1791; baseline -0.008 0"><span class='ocrx_word' id='word_1_50' title='bbox 515 1732 613 1791; x_wconf 81' lang='lat' dir='ltr'><strong>Verbi</strong></span> <span class='ocrx_word' id='word_1_51' title='bbox 630 1733 688 1789; x_wconf 91' lang='lat' dir='ltr'><strong>Dei</strong></span> <span class='ocrx_word' id='word_1_52' title='bbox 702 1732 777 1790; x_wconf 87' lang='lat' dir='ltr'><strong>cella</strong></span> 
     </span>
     <span class='ocr_line' id='line_1_18' title="bbox 558 1813 809 1885; baseline 0 -15"><span class='ocrx_word' id='word_1_53' title='bbox 558 1814 599 1870; x_wconf 81' lang='lat' dir='ltr'><strong>Et</strong></span> <span class='ocrx_word' id='word_1_54' title='bbox 612 1813 681 1870; x_wconf 81' lang='lat' dir='ltr'><strong>solie</strong></span> <span class='ocrx_word' id='word_1_55' title='bbox 695 1833 809 1885; x_wconf 84' lang='lat' dir='ltr'><strong>aurora,</strong></span> 
     </span>
     <span class='ocr_line' id='line_1_19' title="bbox 516 1893 759 1970; baseline 0 -19"><span class='ocrx_word' id='word_1_56' title='bbox 516 1893 651 1952; x_wconf 81' lang='lat' dir='ltr'><strong>Pamdici</strong></span> <span class='ocrx_word' id='word_1_57' title='bbox 665 1903 759 1970; x_wconf 81' lang='lat' dir='ltr'><strong>porta,</strong></span> 
     </span>
     <span class='ocr_line' id='line_1_20' title="bbox 517 1975 891 2052; baseline -0.003 -19"><span class='ocrx_word' id='word_1_58' title='bbox 517 1975 575 2033; x_wconf 87' lang='lat' dir='ltr'><strong>Per</strong></span> <span class='ocrx_word' id='word_1_59' title='bbox 588 1996 677 2052; x_wconf 86' lang='lat' dir='ltr'><strong>quam</strong></span> <span class='ocrx_word' id='word_1_60' title='bbox 691 1976 745 2032; x_wconf 88' lang='lat' dir='ltr'><strong>lux</strong></span> <span class='ocrx_word' id='word_1_61' title='bbox 759 1982 804 2032; x_wconf 68' lang='lat' dir='ltr'><strong>eat</strong></span> <span class='ocrx_word' id='word_1_62' title='bbox 818 1981 891 2047; x_wconf 85' lang='lat' dir='ltr'><strong>orta,</strong></span> 
     </span>
     <span class='ocr_line' id='line_1_21' title="bbox 557 2057 855 2128; baseline 0 -15"><span class='ocrx_word' id='word_1_63' title='bbox 557 2057 672 2114; x_wconf 86' lang='lat' dir='ltr'><strong>Natum</strong></span> <span class='ocrx_word' id='word_1_64' title='bbox 686 2065 773 2113; x_wconf 88' lang='lat' dir='ltr'><strong>tuum</strong></span> <span class='ocrx_word' id='word_1_65' title='bbox 787 2076 855 2128; x_wconf 87' lang='lat' dir='ltr'><strong>ora;</strong></span> 
     </span>
     <span class='ocr_line' id='line_1_22' title="bbox 517 2137 924 2214; baseline -0.005 -19"><span class='ocrx_word' id='word_1_66' title='bbox 517 2137 564 2196; x_wconf 89' lang='lat' dir='ltr'><strong>Ut</strong></span> <span class='ocrx_word' id='word_1_67' title='bbox 581 2158 634 2195; x_wconf 85' lang='lat' dir='ltr'><strong>nos</strong></span> <span class='ocrx_word' id='word_1_68' title='bbox 648 2138 744 2195; x_wconf 86' lang='lat' dir='ltr'><strong>solvat</strong></span> <span class='ocrx_word' id='word_1_69' title='bbox 757 2158 775 2195; x_wconf 88' lang='lat' dir='ltr'><strong>a</strong></span> <span class='ocrx_word' id='word_1_70' title='bbox 788 2137 924 2214; x_wconf 82' lang='lat' dir='ltr'><strong>peccatis,</strong></span> 
     </span>
     <span class='ocr_line' id='line_1_23' title="bbox 558 2218 916 2295; baseline -0.006 -19"><span class='ocrx_word' id='word_1_71' title='bbox 558 2219 600 2276; x_wconf 87' lang='lat' dir='ltr'><strong>Et</strong></span> <span class='ocrx_word' id='word_1_72' title='bbox 613 2219 645 2276; x_wconf 89' lang='lat' dir='ltr'><strong>iu</strong></span> <span class='ocrx_word' id='word_1_73' title='bbox 659 2237 748 2295; x_wconf 82' lang='lat' dir='ltr'><strong>1egno</strong></span> <span class='ocrx_word' id='word_1_74' title='bbox 763 2218 916 2291; x_wconf 68' lang='lat' dir='ltr'><strong>claritatia</strong></span> 
     </span>
     <span class='ocr_line' id='line_1_24' title="bbox 518 2299 868 2371; baseline -0.003 -15"><span class='ocrx_word' id='word_1_75' title='bbox 518 2301 584 2369; x_wconf 85' lang='lat' dir='ltr'><strong>Quo</strong></span> <span class='ocrx_word' id='word_1_76' title='bbox 599 2300 653 2357; x_wconf 83' lang='lat' dir='ltr'><strong>lux</strong></span> <span class='ocrx_word' id='word_1_77' title='bbox 666 2300 746 2356; x_wconf 86' lang='lat' dir='ltr'><strong>lucet</strong></span> <span class='ocrx_word' id='word_1_78' title='bbox 759 2299 868 2371; x_wconf 84' lang='lat' dir='ltr'><strong>sedula,</strong></span> 
     </span>
     <span class='ocr_line' id='line_1_25' title="bbox 559 2380 1033 2456; baseline 0 -18"><span class='ocrx_word' id='word_1_79' title='bbox 559 2381 689 2438; x_wconf 84' lang='lat' dir='ltr'><strong>Collocet</strong></span> <span class='ocrx_word' id='word_1_80' title='bbox 702 2400 755 2456; x_wconf 91' lang='lat' dir='ltr'><strong>per</strong></span> <span class='ocrx_word' id='word_1_81' title='bbox 768 2380 882 2438; x_wconf 69' lang='lat' dir='ltr'><strong>saecula.</strong></span> <span class='ocrx_word' id='word_1_82' title='bbox 925 2382 1033 2439; x_wconf 89' lang='lat' dir='ltr'><strong>Amen.</strong></span> 
     </span>
    </p>
   </div>
   <div class='ocr_carea' id='block_1_3' title="bbox 168 2486 1372 3374">
    <p class='ocr_par' dir='ltr' id='par_1_3' title="bbox 169 2486 1372 2646">
     <span class='ocr_line' id='line_1_26' title="bbox 229 2486 1372 2567; baseline 0.003 -22"><span class='ocrx_word' id='word_1_83' title='bbox 229 2488 429 2567; x_wconf 70' lang='lat' dir='ltr'><strong>Ecanqelium.</strong></span> <span class='ocrx_word' id='word_1_84' title='bbox 474 2489 569 2546; x_wconf 81' lang='lat' dir='ltr'><strong>Erant</strong></span> <span class='ocrx_word' id='word_1_85' title='bbox 595 2487 707 2563; x_wconf 81' lang='lat' dir='ltr'><strong>Joseph</strong></span> <span class='ocrx_word' id='word_1_86' title='bbox 729 2494 760 2544; x_wconf 89' lang='lat' dir='ltr'><strong>et</strong></span> <span class='ocrx_word' id='word_1_87' title='bbox 787 2486 893 2559; x_wconf 86' lang='lat' dir='ltr'><strong>Maria,</strong></span> <span class='ocrx_word' id='word_1_88' title='bbox 915 2507 1010 2562; x_wconf 76' lang='lat' dir='ltr'><strong>querc</strong></span> <span class='ocrx_word' id='word_1_89' title='bbox 1037 2489 1071 2546; x_wconf 80' lang='lat' dir='ltr'><strong>iu</strong></span> <span class='ocrx_word' id='word_1_90' title='bbox 1091 2487 1372 2549; x_wconf 68' lang='lat' dir='ltr'><strong>Commemoratione</strong></span> 
     </span>
     <span class='ocr_line' id='line_1_27' title="bbox 169 2569 301 2646; baseline 0.023 -19"><span class='ocrx_word' id='word_1_91' title='bbox 169 2569 301 2646; x_wconf 66' lang='lat' dir='ltr'><strong>ejusden.</strong></span> 
     </span>
    </p>

    <p class='ocr_par' dir='ltr' id='par_1_4' title="bbox 231 2653 420 2725">
     <span class='ocr_line' id='line_1_28' title="bbox 231 2653 420 2725; baseline 0 -16"><span class='ocrx_word' id='word_1_92' title='bbox 231 2653 420 2725; x_wconf 75' lang='lat' dir='ltr'><strong>Offertoriuua</strong></span> 
     </span>
    </p>

    <p class='ocr_par' dir='ltr' id='par_1_5' title="bbox 168 2730 1369 3114">
     <span class='ocr_line' id='line_1_29' title="bbox 229 2730 1368 2808; baseline -0.004 -17"><span class='ocrx_word' id='word_1_93' title='bbox 229 2735 254 2791; x_wconf 93' lang='grc' dir='ltr'><strong>Ο</strong></span> <span class='ocrx_word' id='word_1_94' title='bbox 271 2754 337 2791; x_wconf 85' lang='lat' dir='ltr'><strong>vere</strong></span> <span class='ocrx_word' id='word_1_95' title='bbox 352 2736 445 2803; x_wconf 71' lang='lat' dir='ltr'><strong>imita,</strong></span> <span class='ocrx_word' id='word_1_96' title='bbox 464 2731 598 2789; x_wconf 82' lang='lat' dir='ltr'><strong>sublimis</strong></span> <span class='ocrx_word' id='word_1_97' title='bbox 618 2750 731 2806; x_wconf 76' lang='lat' dir='ltr'><strong>sperma,</strong></span> <span class='ocrx_word' id='word_1_98' title='bbox 746 2730 865 2786; x_wconf 89' lang='lat' dir='ltr'><strong>domina</strong></span> <span class='ocrx_word' id='word_1_99' title='bbox 878 2730 1049 2805; x_wconf 79' lang='lat' dir='ltr'><strong>angelorum</strong></span> <span class='ocrx_word' id='word_1_100' title='bbox 1071 2730 1222 2808; x_wconf 80' lang='lat' dir='ltr'><strong>siuiulque</strong></span> <span class='ocrx_word' id='word_1_101' title='bbox 1237 2734 1368 2790; x_wconf 88' lang='lat' dir='ltr'><strong>omnium</strong></span> 
     </span>
     <span class='ocr_line' id='line_1_30' title="bbox 168 2811 1369 2889; baseline -0.002 -19"><span class='ocrx_word' id='word_1_102' title='bbox 168 2822 353 2871; x_wconf 84' lang='lat' dir='ltr'><strong>sanctorum:</strong></span> <span class='ocrx_word' id='word_1_103' title='bbox 387 2835 474 2889; x_wconf 69' lang='lat' dir='ltr'><strong>iliram</strong></span> <span class='ocrx_word' id='word_1_104' title='bbox 500 2832 635 2887; x_wconf 84' lang='lat' dir='ltr'><strong>maguam</strong></span> <span class='ocrx_word' id='word_1_105' title='bbox 660 2811 777 2867; x_wconf 85' lang='lat' dir='ltr'><strong>laudem</strong></span> <span class='ocrx_word' id='word_1_106' title='bbox 801 2812 929 2886; x_wconf 76' lang='lat' dir='ltr'><strong>dignitas</strong></span> <span class='ocrx_word' id='word_1_107' title='bbox 950 2820 1003 2868; x_wconf 88' lang='lat' dir='ltr'><strong>tua</strong></span> <span class='ocrx_word' id='word_1_108' title='bbox 1027 2821 1168 2881; x_wconf 83' lang='lat' dir='ltr'><strong>meretur,</strong></span> <span class='ocrx_word' id='word_1_109' title='bbox 1192 2814 1293 2869; x_wconf 83' lang='lat' dir='ltr'><strong>forma</strong></span> <span class='ocrx_word' id='word_1_110' title='bbox 1317 2815 1369 2870; x_wconf 86' lang='lat' dir='ltr'><strong>Dei</strong></span> 
     </span>
     <span class='ocr_line' id='line_1_31' title="bbox 169 2892 1366 2971; baseline -0.001 -21"><span class='ocrx_word' id='word_1_111' title='bbox 169 2895 264 2971; x_wconf 81' lang='lat' dir='ltr'><strong>digua.</strong></span> <span class='ocrx_word' id='word_1_112' title='bbox 317 2896 342 2952; x_wconf 88' lang='lat'>0</span> <span class='ocrx_word' id='word_1_113' title='bbox 368 2915 456 2970; x_wconf 74' lang='lat' dir='ltr'><strong>&lt;uiam</strong></span> <span class='ocrx_word' id='word_1_114' title='bbox 477 2895 562 2950; x_wconf 87' lang='lat' dir='ltr'><strong>beuta</strong></span> <span class='ocrx_word' id='word_1_115' title='bbox 587 2913 625 2963; x_wconf 78' lang='lat' dir='ltr'><strong>ea,</strong></span> <span class='ocrx_word' id='word_1_116' title='bbox 652 2892 760 2962; x_wconf 82' lang='lat' dir='ltr'><strong>Maria,</strong></span> <span class='ocrx_word' id='word_1_117' title='bbox 783 2899 943 2949; x_wconf 78' lang='lat' dir='ltr'><strong>creatorem</strong></span> <span class='ocrx_word' id='word_1_118' title='bbox 967 2901 1053 2949; x_wconf 86' lang='lat' dir='ltr'><strong>tuum</strong></span> <span class='ocrx_word' id='word_1_119' title='bbox 1078 2895 1166 2969; x_wconf 83' lang='lat' dir='ltr'><strong>digne</strong></span> <span class='ocrx_word' id='word_1_120' title='bbox 1192 2896 1366 2970; x_wconf 74' lang='lat' dir='ltr'><strong>concipiens.</strong></span> 
     </span>
     <span class='ocr_line' id='line_1_32' title="bbox 169 2974 1369 3051; baseline -0.002 -20"><span class='ocrx_word' id='word_1_121' title='bbox 169 2976 207 3031; x_wconf 87' lang='lat' dir='ltr'><strong>Ei</strong></span> <span class='ocrx_word' id='word_1_122' title='bbox 220 2976 328 3034; x_wconf 89' lang='lat' dir='ltr'><strong>dedisti</strong></span> <span class='ocrx_word' id='word_1_123' title='bbox 343 2978 374 3032; x_wconf 93' lang='lat' dir='ltr'><strong>in</strong></span> <span class='ocrx_word' id='word_1_124' title='bbox 388 2985 520 3051; x_wconf 88' lang='lat' dir='ltr'><strong>tempore</strong></span> <span class='ocrx_word' id='word_1_125' title='bbox 534 2976 633 3044; x_wconf 86' lang='lat' dir='ltr'><strong>ubera,</strong></span> <span class='ocrx_word' id='word_1_126' title='bbox 648 2993 734 3048; x_wconf 86' lang='lat' dir='ltr'><strong>quem</strong></span> <span class='ocrx_word' id='word_1_127' title='bbox 749 2974 876 3030; x_wconf 75' lang='lat' dir='ltr'><strong>habebas</strong></span> <span class='ocrx_word' id='word_1_128' title='bbox 890 2982 960 3031; x_wconf 89' lang='lat' dir='ltr'><strong>aute</strong></span> <span class='ocrx_word' id='word_1_129' title='bbox 973 2975 1079 3032; x_wconf 68' lang='lat' dir='ltr'><strong>saccula</strong></span> <span class='ocrx_word' id='word_1_130' title='bbox 1097 2995 1199 3049; x_wconf 80' lang='lat' dir='ltr'><strong>regem</strong></span> <span class='ocrx_word' id='word_1_131' title='bbox 1214 2983 1247 3032; x_wconf 89' lang='lat' dir='ltr'><strong>et</strong></span> <span class='ocrx_word' id='word_1_132' title='bbox 1263 2977 1369 3032; x_wconf 88' lang='lat' dir='ltr'><strong>condit·</strong></span> 
     </span>
     <span class='ocr_line' id='line_1_33' title="bbox 170 3058 414 3114; baseline 0.004 -2"><span class='ocrx_word' id='word_1_133' title='bbox 170 3076 250 3113; x_wconf 91' lang='lat' dir='ltr'><strong>orem</strong></span> <span class='ocrx_word' id='word_1_134' title='bbox 264 3064 294 3114; x_wconf 88' lang='lat' dir='ltr'><strong>et</strong></span> <span class='ocrx_word' id='word_1_135' title='bbox 309 3058 414 3114; x_wconf 90' lang='lat' dir='ltr'><strong>Deum.</strong></span> 
     </span>
    </p>

    <p class='ocr_par' dir='ltr' id='par_1_6' title="bbox 231 3138 411 3194">
     <span class='ocr_line' id='line_1_34' title="bbox 231 3138 411 3194; baseline -0.006 0"><span class='ocrx_word' id='word_1_136' title='bbox 231 3138 411 3194; x_wconf 79' lang='lat' dir='ltr'><strong>Communia</strong></span> 
     </span>
    </p>

    <p class='ocr_par' dir='ltr' id='par_1_7' title="bbox 171 3216 1367 3374">
     <span class='ocr_line' id='line_1_35' title="bbox 229 3216 1367 3292; baseline -0.002 -17"><span class='ocrx_word' id='word_1_137' title='bbox 229 3220 296 3275; x_wconf 79' lang='lat' dir='ltr'><strong>Ave</strong></span> <span class='ocrx_word' id='word_1_138' title='bbox 318 3219 422 3286; x_wconf 87' lang='lat' dir='ltr'><strong>Maria,</strong></span> <span class='ocrx_word' id='word_1_139' title='bbox 440 3217 550 3291; x_wconf 82' lang='lat' dir='ltr'><strong>inclyta</strong></span> <span class='ocrx_word' id='word_1_140' title='bbox 571 3216 679 3292; x_wconf 80' lang='lat' dir='ltr'><strong>regina,</strong></span> <span class='ocrx_word' id='word_1_141' title='bbox 695 3217 790 3292; x_wconf 71' lang='lat' dir='ltr'><strong>gnatia</strong></span> <span class='ocrx_word' id='word_1_142' title='bbox 810 3216 913 3292; x_wconf 83' lang='lat' dir='ltr'><strong>plena:</strong></span> <span class='ocrx_word' id='word_1_143' title='bbox 936 3217 1019 3292; x_wconf 75' lang='lat' dir='ltr'><strong>virgo</strong></span> <span class='ocrx_word' id='word_1_144' title='bbox 1040 3217 1127 3273; x_wconf 87' lang='lat' dir='ltr'><strong>beata</strong></span> <span class='ocrx_word' id='word_1_145' title='bbox 1140 3224 1172 3274; x_wconf 92' lang='lat' dir='ltr'><strong>et</strong></span> <span class='ocrx_word' id='word_1_146' title='bbox 1193 3217 1256 3275; x_wconf 91' lang='lat' dir='ltr'><strong>Dei</strong></span> <span class='ocrx_word' id='word_1_147' title='bbox 1278 3225 1367 3274; x_wconf 88' lang='lat' dir='ltr'><strong>mater</strong></span> 
     </span>
     <span class='ocr_line' id='line_1_36' title="bbox 171 3298 818 3374; baseline 0.003 -22"><span class='ocrx_word' id='word_1_148' title='bbox 171 3299 254 3374; x_wconf 80' lang='lat' dir='ltr'><strong>virgo</strong></span> <span class='ocrx_word' id='word_1_149' title='bbox 268 3300 459 3370; x_wconf 63' lang='lat' dir='ltr'><strong>sanctissima,</strong></span> <span class='ocrx_word' id='word_1_150' title='bbox 475 3318 528 3374; x_wconf 86' lang='lat' dir='ltr'><strong>pro</strong></span> <span class='ocrx_word' id='word_1_151' title='bbox 542 3299 626 3355; x_wconf 79' lang='lat' dir='ltr'><strong>nobis</strong></span> <span class='ocrx_word' id='word_1_152' title='bbox 640 3298 744 3355; x_wconf 80' lang='lat' dir='ltr'><strong>Jeauur</strong></span> <span class='ocrx_word' id='word_1_153' title='bbox 759 3317 818 3354; x_wconf 84' lang='lat' dir='ltr'><strong>ora.</strong></span> 
     </span>
    </p>
   </div>
   <div class='ocr_carea' id='block_1_4' title="bbox 639 3429 893 3486">
    <p class='ocr_par' dir='ltr' id='par_1_8' title="bbox 639 3429 893 3486">
     <span class='ocr_line' id='line_1_37' title="bbox 639 3429 893 3486; baseline -0.008 0"><span class='ocrx_word' id='word_1_154' title='bbox 639 3430 702 3486; x_wconf 85' lang='lat' dir='ltr'><strong>Dm</strong></span> <span class='ocrx_word' id='word_1_155' title='bbox 724 3429 893 3486; x_wconf 80' lang='lat' dir='ltr'><strong>Maaccau.</strong></span> 
     </span>
    </p>
   </div>
   <div class='ocr_carea' id='block_1_5' title="bbox 173 3532 1365 4177">
    <p class='ocr_par' dir='ltr' id='par_1_9' title="bbox 173 3532 1365 3692">
     <span class='ocr_line' id='line_1_38' title="bbox 231 3532 1365 3609; baseline 0 -19"><span class='ocrx_word' id='word_1_156' title='bbox 231 3533 368 3609; x_wconf 78' lang='lat' dir='ltr'><strong>Epistola.</strong></span> <span class='ocrx_word' id='word_1_157' title='bbox 406 3534 535 3591; x_wconf 86' lang='lat' dir='ltr'><strong>Locutus</strong></span> <span class='ocrx_word' id='word_1_158' title='bbox 544 3534 745 3592; x_wconf 82' lang='lat' dir='ltr'><strong>estDomiuus</strong></span> <span class='ocrx_word' id='word_1_159' title='bbox 760 3534 797 3591; x_wconf 88' lang='lat' dir='ltr'><strong>ad</strong></span> <span class='ocrx_word' id='word_1_160' title='bbox 806 3534 914 3607; x_wconf 77' lang='lat' dir='ltr'><strong>AchaZ,</strong></span> <span class='ocrx_word' id='word_1_161' title='bbox 927 3555 1022 3608; x_wconf 73' lang='lat' dir='ltr'><strong>quere</strong></span> <span class='ocrx_word' id='word_1_162' title='bbox 1037 3535 1070 3591; x_wconf 78' lang='lat' dir='ltr'><strong>ia</strong></span> <span class='ocrx_word' id='word_1_163' title='bbox 1085 3532 1365 3592; x_wconf 76' lang='lat' dir='ltr'><strong>Contmemmutiune</strong></span> 
     </span>
     <span class='ocr_line' id='line_1_39' title="bbox 173 3614 305 3692; baseline -0.015 -20"><span class='ocrx_word' id='word_1_164' title='bbox 173 3614 305 3692; x_wconf 75' lang='lat' dir='ltr'><strong>ejaalem.</strong></span> 
     </span>
    </p>

    <p class='ocr_par' dir='ltr' id='par_1_10' title="bbox 234 3695 368 3754">
     <span class='ocr_line' id='line_1_40' title="bbox 234 3695 368 3754; baseline 0.015 -3"><span class='ocrx_word' id='word_1_165' title='bbox 234 3695 368 3754; x_wconf 76' lang='lat' dir='ltr'><strong>Gradale.</strong></span> 
     </span>
    </p>

    <p class='ocr_par' dir='ltr' id='par_1_11' title="bbox 173 3776 1365 4097">
     <span class='ocr_line' id='line_1_41' title="bbox 233 3776 1365 3853; baseline -0.001 -20"><span class='ocrx_word' id='word_1_166' title='bbox 233 3776 339 3833; x_wconf 79' lang='lat' dir='ltr'><strong>Tollite</strong></span> <span class='ocrx_word' id='word_1_167' title='bbox 360 3782 465 3852; x_wconf 83' lang='lat' dir='ltr'><strong>portas,</strong></span> <span class='ocrx_word' id='word_1_168' title='bbox 479 3778 634 3853; x_wconf 59' lang='lat' dir='ltr'><strong>principer,</strong></span> <span class='ocrx_word' id='word_1_169' title='bbox 651 3785 763 3834; x_wconf 67' lang='lat' dir='ltr'><strong>vestrae</strong></span> <span class='ocrx_word' id='word_1_170' title='bbox 773 3799 780 3849; x_wconf 86' lang='lat'>;</span> <span class='ocrx_word' id='word_1_171' title='bbox 801 3784 832 3835; x_wconf 87' lang='lat' dir='ltr'><strong>et</strong></span> <span class='ocrx_word' id='word_1_172' title='bbox 852 3777 1015 3846; x_wconf 87' lang='lat' dir='ltr'><strong>elevamini,</strong></span> <span class='ocrx_word' id='word_1_173' title='bbox 1030 3783 1122 3852; x_wconf 71' lang='lat' dir='ltr'><strong>portae</strong></span> <span class='ocrx_word' id='word_1_174' title='bbox 1143 3778 1320 3848; x_wconf 46' lang='lat' dir='ltr'><strong>aeternales:</strong></span> <span class='ocrx_word' id='word_1_175' title='bbox 1340 3786 1365 3832; x_wconf 82' lang='lat' dir='ltr'><strong>et</strong></span> 
     </span>
     <span class='ocr_line' id='line_1_42' title="bbox 174 3858 495 3933; baseline -0.003 -18"><span class='ocrx_word' id='word_1_176' title='bbox 174 3859 309 3915; x_wconf 78' lang='lat' dir='ltr'><strong>introibit</strong></span> <span class='ocrx_word' id='word_1_177' title='bbox 323 3879 374 3914; x_wconf 77' lang='lat' dir='ltr'><strong>rer</strong></span> <span class='ocrx_word' id='word_1_178' title='bbox 388 3858 495 3933; x_wconf 66' lang='lat' dir='ltr'><strong>gloriae.</strong></span> 
     </span>
     <span class='ocr_line' id='line_1_43' title="bbox 180 3938 1365 4015; baseline -0.004 -17"><span class='ocrx_word' id='word_1_179' title='bbox 180 3941 206 3998; x_wconf 81' lang='lat' dir='ltr'><strong>V.</strong></span> <span class='ocrx_word' id='word_1_180' title='bbox 234 3940 307 4008; x_wconf 80' lang='lat' dir='ltr'><strong>Quis</strong></span> <span class='ocrx_word' id='word_1_181' title='bbox 328 3939 464 3996; x_wconf 76' lang='lat' dir='ltr'><strong>ascendet</strong></span> <span class='ocrx_word' id='word_1_182' title='bbox 488 3940 519 3995; x_wconf 92' lang='lat' dir='ltr'><strong>in</strong></span> <span class='ocrx_word' id='word_1_183' title='bbox 544 3947 674 3997; x_wconf 87' lang='lat' dir='ltr'><strong>montem</strong></span> <span class='ocrx_word' id='word_1_184' title='bbox 696 3939 827 4013; x_wconf 87' lang='lat' dir='ltr'><strong>Domini,</strong></span> <span class='ocrx_word' id='word_1_185' title='bbox 849 3947 902 3996; x_wconf 89' lang='lat' dir='ltr'><strong>aut</strong></span> <span class='ocrx_word' id='word_1_186' title='bbox 924 3939 990 4015; x_wconf 80' lang='lat' dir='ltr'><strong>quis</strong></span> <span class='ocrx_word' id='word_1_187' title='bbox 1011 3938 1103 3996; x_wconf 82' lang='lat' dir='ltr'><strong>stabit</strong></span> <span class='ocrx_word' id='word_1_188' title='bbox 1127 3938 1159 3996; x_wconf 88' lang='lat' dir='ltr'><strong>in</strong></span> <span class='ocrx_word' id='word_1_189' title='bbox 1182 3938 1248 3997; x_wconf 90' lang='lat' dir='ltr'><strong>loco</strong></span> <span class='ocrx_word' id='word_1_190' title='bbox 1269 3954 1365 3995; x_wconf 74' lang='lat' dir='ltr'><strong>sancto</strong></span> 
     </span>
     <span class='ocr_line' id='line_1_44' title="bbox 173 4021 838 4097; baseline -0.005 -18"><span class='ocrx_word' id='word_1_191' title='bbox 173 4022 255 4097; x_wconf 80' lang='lat' dir='ltr'><strong>ejusl</strong></span> <span class='ocrx_word' id='word_1_192' title='bbox 275 4022 414 4077; x_wconf 84' lang='lat' dir='ltr'><strong>innocens</strong></span> <span class='ocrx_word' id='word_1_193' title='bbox 428 4021 563 4077; x_wconf 83' lang='lat' dir='ltr'><strong>manibus</strong></span> <span class='ocrx_word' id='word_1_194' title='bbox 577 4029 607 4077; x_wconf 85' lang='lat' dir='ltr'><strong>et</strong></span> <span class='ocrx_word' id='word_1_195' title='bbox 621 4021 731 4077; x_wconf 88' lang='lat' dir='ltr'><strong>mundo</strong></span> <span class='ocrx_word' id='word_1_196' title='bbox 745 4022 838 4077; x_wconf 84' lang='lat' dir='ltr'><strong>corde.</strong></span> 
     </span>
    </p>

    <p class='ocr_par' dir='ltr' id='par_1_12' title="bbox 234 4101 823 4177">
     <span class='ocr_line' id='line_1_45' title="bbox 234 4101 823 4177; baseline 0 -18"><span class='ocrx_word' id='word_1_197' title='bbox 234 4102 381 4177; x_wconf 69' lang='lat' dir='ltr'><strong>Alleluya.</strong></span> <span class='ocrx_word' id='word_1_198' title='bbox 431 4101 457 4159; x_wconf 76' lang='lat' dir='ltr'><strong>V.</strong></span> <span class='ocrx_word' id='word_1_199' title='bbox 481 4103 645 4177; x_wconf 80' lang='lat' dir='ltr'><strong>Assumpta</strong></span> <span class='ocrx_word' id='word_1_200' title='bbox 659 4110 704 4159; x_wconf 87' lang='lat' dir='ltr'><strong>est</strong></span> <span class='ocrx_word' id='word_1_201' title='bbox 718 4102 823 4159; x_wconf 82' lang='lat' dir='ltr'><strong>Maria.</strong></span> 
     </span>
    </p>
   </div>
   <div class='ocr_carea' id='block_1_6' title="bbox 333 4187 860 4312">
    <p class='ocr_par' dir='ltr' id='par_1_13' title="bbox 333 4187 860 4312">
     <span class='ocr_line' id='line_1_46' title="bbox 333 4187 860 4312; baseline 0.011 -26"><span class='ocrx_word' id='word_1_202' title='bbox 333 4187 495 4257; x_wconf 51' lang='lat' dir='ltr'><strong>&#39;bimum‘</strong></span> <span class='ocrx_word' id='word_1_203' title='bbox 552 4237 651 4294; x_wconf 77' lang='lat' dir='ltr'><strong>Mittit</strong></span> <span class='ocrx_word' id='word_1_204' title='bbox 666 4237 703 4293; x_wconf 87' lang='lat' dir='ltr'><strong>ad</strong></span> <span class='ocrx_word' id='word_1_205' title='bbox 716 4237 860 4312; x_wconf 82' lang='lat' dir='ltr'><strong>virginem</strong></span> 
     </span>
    </p>
   </div>
   <div class='ocr_carea' id='block_1_7' title="bbox 590 4318 969 4621">
    <p class='ocr_par' dir='ltr' id='par_1_14' title="bbox 590 4318 969 4621">
     <span class='ocr_line' id='line_1_47' title="bbox 592 4318 969 4394; baseline -0.003 -20"><span class='ocrx_word' id='word_1_206' title='bbox 592 4319 661 4375; x_wconf 89' lang='lat' dir='ltr'><strong>Non</strong></span> <span class='ocrx_word' id='word_1_207' title='bbox 677 4319 809 4393; x_wconf 73' lang='lat' dir='ltr'><strong>quemvis</strong></span> <span class='ocrx_word' id='word_1_208' title='bbox 823 4318 969 4394; x_wconf 84' lang='lat' dir='ltr'><strong>angelum,</strong></span> 
     </span>
     <span class='ocr_line' id='line_1_48' title="bbox 593 4399 869 4456; baseline -0.007 0"><span class='ocrx_word' id='word_1_209' title='bbox 593 4399 650 4456; x_wconf 87' lang='lat' dir='ltr'><strong>Sed</strong></span> <span class='ocrx_word' id='word_1_210' title='bbox 664 4399 869 4456; x_wconf 83' lang='lat' dir='ltr'><strong>fortitudinem</strong></span> 
     </span>
     <span class='ocr_line' id='line_1_49' title="bbox 592 4480 904 4555; baseline -0.013 -16"><span class='ocrx_word' id='word_1_211' title='bbox 592 4480 682 4540; x_wconf 85' lang='lat' dir='ltr'><strong>Suam</strong></span> <span class='ocrx_word' id='word_1_212' title='bbox 697 4480 904 4555; x_wconf 85' lang='lat' dir='ltr'><strong>archangelum</strong></span> 
     </span>
     <span class='ocr_line' id='line_1_50' title="bbox 590 4561 864 4621; baseline -0.007 0"><span class='ocrx_word' id='word_1_213' title='bbox 590 4563 715 4621; x_wconf 78' lang='lat' dir='ltr'><strong>Amator</strong></span> <span class='ocrx_word' id='word_1_214' title='bbox 729 4561 864 4619; x_wconf 82' lang='lat' dir='ltr'><strong>hominia.</strong></span> 
     </span>
    </p>
   </div>
   <div class='ocr_carea' id='block_1_8' title="bbox 0 0 1413 4920">
    <p class='ocr_par' dir='ltr' id='par_1_15' title="bbox 0 0 1413 4920">
     <span class='ocr_line' id='line_1_51' title="bbox 0 0 1413 4920; baseline 0 0"><span class='ocrx_word' id='word_1_215' title='bbox 0 0 1413 4920; x_wconf 95' lang='lat' dir='ltr'><strong> </strong></span> 
     </span>
    </p>
   </div>
  </div>
 </body>
</html>
