2806 4920
457 331 571 398 Missua
587 355 655 419 pro
676 296 862 420 Defunctis.

118 497 161 557 Io
173 498 276 556 Missis
296 497 527 576 capitumet,
541 500 661 575 quaudo
674 504 780 577 aonflt
793 501 907 565 obitus.-

75 592 82 680 J
121 595 263 671 Officium.
306 596 398 670 Deus,
413 598 466 674 qni
477 597 558 656 inter
570 597 754 675 apostolicos

120 677 230 737 Oratio.
273 676 470 756 Omnipotens
482 679 661 755 sempiterne
674 678 766 738 Deus.

122 757 232 817 Oratio.
275 758 423 817 Fidelium
438 759 520 817 Deus
533 751 675 818 omnium.

117 838 889 920 semermemmpmm

445 1035 513 1095 Pno
532 1034 684 1095 Eersooro
704 1051 873 1095 nsruacro.

121 1117 231 1176 Oratio.
1264 1152 1278 1188 g

120 1197 211 1268 Deus,
225 1197 278 1274 qui
294 1195 376 1255 inter
391 1197 565 1274 apostolicos
579 1197 742 1255 sacerdotes
760 1197 886 1255 famulos
900 1204 967 1256 tuos
984 1197 1149 1273 pontificali
1165 1197 1262 1258 fecisti

55 1276 205 1356 dignitate
218 1278 343 1351 censeri,¹
354 1287 470 1356 praesta,
486 1298 663 1355 quaesumus,
677 1285 713 1335 ut
727 1298 853 1355 quorum
866 1278 960 1337 vicem
974 1279 1011 1336 ad
1025 1279 1128 1336 horam
1141 1280 1262 1356 gerebat

54 1359 90 1417 in
104 1359 200 1430 terris,
215 1378 317 1417 eorum
330 1366 471 1437 perpetuo
484 1360 631 1418 consortio
643 1360 763 1417 laetetur
776 1360 808 1417 in
819 1359 905 1420 caelis.
947 1359 1007 1418 Per
1020 1359 1191 1418 Dominum.

120 1514 279 1579 Offerimus
295 1520 361 1594 tibi,
378 1521 515 1594 Domine,
534 1519 714 1579 oblationem
731 1527 840 1579 nostrae
862 1519 1015 1579 servitutis
1036 1540 1089 1597 pro
1106 1520 1261 1580 animabus

55 1600 237 1659 famulorum
250 1609 371 1659 tuorum
385 1603 568 1679 pontificum,
576 1601 774 1679 supplicantes
788 1609 823 1659 ut
836 1622 904 1660 oum
913 1602 1087 1679 praesulibus
1095 1603 1260 1679 apostolica

55 1681 220 1759 dignitatis,
236 1702 363 1760 quorum
378 1691 449 1742 sunt
464 1683 596 1742 exsecuti
610 1682 746 1755 officium,
760 1682 869 1741 hebere
887 1689 1057 1742 mereantur
1075 1683 1259 1761 sempiternes

55 1761 252 1822 beatitudinis
264 1764 438 1840 portionem.
481 1765 547 1824 Per.

119 1844 360 1903 Postcommuoio.

118 1924 592 2003 Proficiat,quresumus,Domine,
598 1925 753 1985 animabus
761 1925 940 1984 famulorum
951 1931 1071 1984 tuorum
1080 1925 1257 2002 pontificum

54 2003 154 2063 divini
173 2006 333 2064 ‘celebratio
360 2008 512 2082 mysterii3
545 2015 581 2065 ut
608 2027 681 2085 quos
708 2007 740 2064 in
764 2007 852 2064 terris
875 2006 985 2084 positos
1011 2007 1101 2084 hujus
1128 2010 1259 2066 muneris

54 2085 272 2226 ‹Il'ispeneatores
285 2106 347 2146 esse
360 2088 465 2159 fecisti,
479 2089 560 2147 inter
576 2087 684 2147 electos
697 2088 849 2146 antistites
866 2107 915 2147 eos
925 2087 1031 2166 jubeas
1043 2089 1257 2148 connumerari.

83 2187 118 2226 er
130 2167 302 2229 Dominum.

500 2275 539 2333 Iu
560 2275 815 2334 aramenus.

121 2353 230 2414 Oratio.

119 2435 202 2494 Deus
214 2435 466 2512 indulgentiarum
476 2437 610 2508 Domine,
620 2437 659 2495 da
672 2437 828 2495 animabus
835 2437 1014 2496 famulorum
1022 2438 1259 2516 famularumque

56 2522 188 2588 tuarum,
217 2537 343 2594 quorum
378 2519 614 2575 anniversarium
650 2519 841 2594 depositionis
876 2519 954 2577 diem
989 2539 1259 2593 commemoramus,

54 2597 204 2675 refrigerii
217 2598 324 2669 sedem,
338 2599 448 2675 quietis
461 2599 686 2672 beatitudinem,
701 2600 824 2658 luminis
837 2599 1012 2660 claritatem.
1055 2600 1121 2659 Per.

118 2759 287 2836 Propitinre
298 2759 563 2837 supplicationibus
572 2760 690 2834 nostris,
701 2760 837 2832 Domine,
848 2781 902 2839 pro
913 2761 1068 2819 animabus
1079 2761 1258 2821 famulorum
1274 2756 1276 2761 ’

55 2838 294 2917 famularumque
308 2849 436 2912 tuarum,
452 2862 578 2918 quorum
591 2842 679 2900 hodie
689 2862 790 2900 annua
802 2843 865 2900 dies
882 2842 981 2919 agitur
991 2862 1001 2914 3
1014 2861 1068 2920 pro
1080 2843 1187 2920 quibus
1200 2844 1259 2902 tibi

57 2921 209 2980 offerimus
225 2922 401 2979 secmficium
421 2921 526 2995 laudis,
542 2932 577 2981 ut
594 2943 644 2982 eas
660 2931 829 2981 sanctorum
848 2930 969 2981 tuorum
986 2924 1134 2983 consortio
1146 2925 1257 2983 sociare

54 3002 196 3080 digneris
239 3001 298 3061 Per
311 3001 483 3062 Dominum.

118 3082 359 3142 Postcommuuio.

119 3163 241 3235 Proesta,
267 3184 444 3240 quaesumus,
472 3165 609 3238 Domine,
638 3171 675 3224 ut
697 3164 803 3224 animas
824 3164 1003 3224 famulorum
1020 3165 1257 3245 famularumque

56 3251 189 3318 tucrum,
221 3264 348 3322 quorum
387 3246 621 3304 anniversarium
661 3246 852 3323 depositionis
891 3247 970 3304 diem
1010 3247 1173 3319 recolimus,
1210 3248 1257 3307 his

55 3333 190 3404 purgatae
201 3327 359 3401 sacrificiis,
370 3326 586 3405 indulgentiam
596 3327 708 3404 pariter
718 3335 750 3386 et
761 3328 892 3404 requiem
905 3328 1024 3405 capiant
1036 3329 1254 3406 sempiternam.

56 3406 124 3466 Per.

433 3522 500 3581 Pes
520 3521 700 3581 Sacranorn
720 3538 889 3584 nrmscro.

70 3634 73 3639 ⁴
118 3601 248 3662 Oratio*

72 3718 77 3727 -
118 3682 209 3753 Deus,
224 3684 308 3761 cujus
321 3683 527 3742 misericordiae
541 3704 601 3741 non
614 3690 660 3742 est
677 3704 825 3756 numerus,
841 3686 954 3762 suscipe
967 3705 1021 3763 pro
1038 3685 1137 3742 anima
1150 3684 1255 3741 famuli

55 3763 104 3822 tui
114 3764 272 3823 sacerdotis
285 3785 384 3842 preces
397 3772 521 3835 nostras,
531 3774 562 3823 et
575 3766 648 3823 lucis
659 3766 687 3823 ei
701 3766 870 3843 laetitiaeque
883 3767 1031 3844 regionem
1041 3768 1073 3823 in
1086 3773 1255 3824 sanctorum

54 3852 177 3904 tuorum
191 3847 330 3905 societate
343 3846 475 3906 concede.
519 3847 577 3904 Per
590 3846 762 3904 Dominum.

116 3927 237 3986 Secreta

119 4008 303 4080 Quaesumus,
319 4008 447 4066 Domine
462 4008 543 4066 Deus
560 4015 669 4081 noster,
684 4016 720 4066 ut
732 4009 911 4066 oblationem
930 4027 1018 4084 quam
1033 4006 1088 4065 tibi
1106 4007 1255 4067 offerimus

56 4107 110 4166 pro
123 4089 223 4146 anima
236 4089 340 4146 famuli
354 4090 399 4147 tui
417 4089 584 4161 sucerdotis,
596 4091 728 4164 placatus
741 4091 854 4166 accipas
861 4110 869 4161 ;
890 4096 921 4147 et
938 4107 1024 4166 quem
1039 4089 1099 4146 tuis
1112 4088 1255 4148 altaribus

56 4170 168 4227 servire
189 4169 327 4243 tribuisti,
351 4172 389 4228 ad
413 4171 566 4229 beatorum
588 4173 742 4247 pervenire
764 4173 870 4248 jubeas
890 4170 1036 4228 consortia
1062 4171 1254 4229 sacerdotum.

54 4249 116 4310 Per
128 4250 298 4310 Dominum

118 4364 131 4389 '
147 4364 306 4421 lid—Deus,
316 4365 358 4424 qui
376 4366 439 4411 intcr
454 4366 599 4425 apostolicos
616 4365 751 4411 sacerdotes
767 4365 882 4412 famulum
892 4368 961 4411 tuum
976 4364 1106 4424 pontificali
1125 4378 1166 4410 scu
1177 4377 1256 4410 sacer-

56 4423 132 4469 dotali
143 4423 221 4490 iecisti
236 4424 352 4483 dignitate
366 4427 471 4479 ceneeri;
488 4431 585 4485 priests,
595 4439 742 4494 quesumus,
752 4432 779 4473 ut
789 4440 892 4485 quorum
902 4426 979 4472 sicem
989 4425 1088 4485 gerebat
1097 4425 1129 4471 ud
1138 4426 1220 4471 horem
1230 4425 1256 4472 in

56 4484 140 4541 terris,
149 4496 232 4530 eorum
246 4490 363 4545 perpetuo
373 4485 494 4530 consortio
504 4485 597 4532 latetur
607 4498 633 4530 sn
643 4484 715 4530 caelis.
