2806 4920
112 341 150 406 sa
480 335 585 403 naa.
608 334 631 402 ι.
659 335 940 422 ammam

168 506 264 582 Super
279 504 433 581 paralum.

168 585 310 658 Absolve,
325 604 502 662 quaesumus,
514 584 653 655 Domine,
665 591 833 642 nostrorum
847 583 968 642 vincula
979 590 1179 661 peecatorum,
1191 594 1221 646 ct
1232 586 1295 664 quie

108 668 181 745 quid
195 688 248 745 pro
262 668 305 725 eis
317 685 473 739 meremur,
487 666 668 743 propitiatus
681 673 790 724 averte.
832 665 892 723 Per
905 665 1078 725 Dominum

592 868 693 927 Fumi
712 869 838 928 Tnnrm

170 952 311 1027 Officium.

169 1034 305 1104 Domine,
331 1032 478 1109 refugium
504 1031 600 1089 factus
627 1050 658 1089 es
684 1032 770 1089 nobis
793 1051 812 1089 a
834 1033 1025 1109 generatione
1047 1038 1079 1091 ot
1105 1035 1258 1113 progenie:
1280 1054 1294 1092 ι

108 1115 214 1172 aaeculo
227 1121 258 1172 et
271 1115 303 1170 in
316 1113 457 1171 saeculum
471 1119 506 1169 tu
519 1131 557 1170 es.

168 1195 313 1252 I'aalmua

167 1275 345 1353 Priusquam
359 1280 474 1332 montes
488 1275 600 1347 fierent,
615 1280 669 1331 aut
681 1273 861 1332 formaretur
873 1281 954 1333 tem
966 1282 998 1333 et
1010 1275 1108 1335 orbis:
1130 1296 1150 1335 a
1162 1277 1294 1336 mouloet

108 1359 139 1415 in
154 1358 292 1416 saeculum
307 1365 342 1415 tu
355 1377 386 1414 es
400 1358 489 1414 Dens

170 1438 277 1496 Oratio

167 1519 302 1595 Respice,
318 1518 455 1589 Domine,
470 1517 613 1575 familiam
630 1524 722 1587 tuam,
737 1525 769 1576 et
788 1524 904 1595 praeta,
918 1525 954 1576 ut
966 1518 1046 1596 apud
1058 1525 1092 1579 te
1107 1540 1193 1579 meus
1212 1526 1296 1577 uostn

106 1607 159 1658 tuo
172 1600 317 1658 desiderio
329 1598 449 1674 fulgeat,
461 1619 527 1675 quie
537 1619 568 1656 se
579 1599 675 1656 carnis
686 1601 881 1658 maceratione
893 1601 1026 1678 castigat
1062 1600 1123 1659 Per
1137 1602 1293 1660 Dominum

166 1681 262 1738 Lectio
276 1680 374 1737 Borriae
388 1680 537 1754 l’roplcetoe
556 1680 609 1757 (lr.
628 1680 722 1757 6-11).

166 1762 207 1818 In
227 1762 329 1818 diebus
352 1760 421 1831 illis,
442 1760 572 1818 Locutus
593 1767 638 1817 est
659 1760 759 1818 Esaias
779 1761 930 1838 propheta,
953 1761 1072 1835 dicens3
1097 1762 1232 1833 Quoerite
1250 1764 1297 1821 Du

105 1843 228 1913 minum,
251 1843 323 1899 dum
343 1841 471 1899 inveniri
492 1847 589 1918 potest
612 1862 703 1916 eraque
723 1843 764 1898 ud
784 1843 834 1899 sed
854 1843 942 1900 faciet
961 1862 1147 1920 quaecunque
1167 1845 1256 1917 volni,
1274 1858 1298 1901 et

105 1924 327 2002 prosperabitur
339 1924 371 1979 in
385 1923 440 1994 his,
455 1923 493 1979 ad
507 1943 572 1999 quae
587 1923 654 1979 misi
668 1922 749 1992 illud,
764 1924 808 1980 ait
821 1924 969 1981 Dominus
982 1925 1178 2000 omnipotens

167 2005 300 2063 Gradale„

166 2088 323 2163 Dirigatur
336 2085 431 2142 oratio
444 2104 510 2140 mea
522 2084 600 2141 sicut
612 2084 764 2141 incensum
778 2085 810 2143 in
824 2091 981 2162 conspectu
995 2091 1057 2157 tuo,
1073 2086 1214 2145 Domine.

113 2170 140 2227 Γ.
167 2168 304 2225 Elevatio
316 2185 459 2223 manuum
473 2184 603 2222 mearum
619 2166 794 2223 sacrificium
807 2167 1017 2243 vespertinum.

166 2249 333 2305 Secruzdum
346 2246 521 2303 illutllru’um
541 2245 616 2321 (xxi.
636 2246 749 2322 10-17).

166 2329 205 2385 In
226 2330 277 2385 illo
298 2336 438 2404 tempore,
461 2326 538 2383 Cum
559 2327 697 2384 intrasset
717 2328 807 2385 Jesus
827 2327 1075 2403 Hierosolymam,
1097 2338 1246 2389 commotu
1264 2338 1303 2389 est

106 2410 243 2467 universa
256 2409 368 2478 ciritae,
384 2408 502 2465 dicens:
524 2407 598 2477 Quis
611 2416 656 2464 est
670 2408 739 2465 hic'l
763 2429 852 2483 respice
868 2411 909 2466 ad
928 2411 1005 2467 abiit
1016 2411 1096 2468 foras
1109 2420 1197 2469 extra
1209 2413 1305 2471 cirita·

105 2498 166 2547 tem
181 2491 212 2545 iu
228 2489 424 2562 Bethaniam;
444 2488 544 2564 ibique
557 2489 675 2560 mansit,
691 2496 722 2546 et
735 2490 857 2548 docebat
872 2510 921 2547 cos
934 2491 971 2548 de
984 2511 1075 2568 reguo
1089 2492 1156 2550 Dei.

168 2570 359 2644 Qturrorimu.

167 2653 205 2709 In
220 2659 258 2723 te,
271 2651 407 2722 Domine,
420 2650 534 2726 sperari
541 2671 549 2721 3
563 2650 638 2721 dixi,
650 2657 684 2706 tu
699 2671 730 2707 es·
745 2652 826 2709 Deus
840 2672 941 2710 meus:
962 2653 993 2709 in
1008 2653 1147 2711 manibus
1160 2655 1224 2713 tuis
1237 2662 1306 2715 tem-

103 2754 174 2813 pora
188 2754 260 2791 mea.

164 2818 284 2873 Secreta.

165 2898 288 2966 Oblatis,
312 2914 488 2971 quaesumus
512 2894 648 2963 Domine,
674 2893 789 2970 placare
813 2894 995 2965 muneribus,
1019 2901 1050 2953 et
1074 2916 1093 2953 a
1116 2898 1236 2957 cunctis
1258 2919 1310 2957 nos

104 2977 226 3035 defende
240 2975 386 3054 periculis.
429 2975 487 3031 Per
502 2974 672 3032 Dominum.

166 3058 347 3115 Communia.

165 3138 241 3195 Cum
254 3139 422 3193 iuvoerrem
435 3144 474 3205 te,
486 3135 633 3192 exaudisti
648 3154 703 3206 me,
719 3137 800 3193 Deus
813 3137 941 3212 justitiae
955 3157 1046 3194 meac:
1067 3138 1100 3195 in
1113 3139 1311 3201 tribulatione

103 3220 235 3276 dilatasti
250 3238 315 3287 ure3
335 3218 471 3272 miserere
485 3216 568 3285 mihi,
584 3216 720 3288 Domine,
736 3224 766 3273 et
780 3219 888 3275 exaudi
902 3219 1066 3276 orationem
1080 3239 1185 3279 meam.

165 3298 406 3357 Postrourururu'o.

165 3382 347 3450 Quaaumua
362 3377 549 3452 omnipotens
570 3377 659 3448 Deua,
675 3384 710 3434 ut
731 3379 810 3436 illius
831 3379 969 3437 salutaris
989 3381 1139 3456 capiamus
1160 3383 1311 3457 ellectum,

103 3464 186 3537 cujus
202 3482 252 3538 per
266 3461 327 3517 haee
341 3458 481 3533 mysteria
494 3459 601 3535 pignus
615 3461 785 3534 accepimus.
830 3461 888 3517 Per
907 3462 1077 3519 Dominum,

163 3544 258 3618 Super
275 3540 426 3616 papulum.

163 3622 336 3681 Ascenduut
350 3621 387 3677 ad
402 3628 440 3691 te,
459 3621 595 3683 Domine.
610 3641 708 3697 preces
722 3630 849 3680 nostrie:
870 3630 900 3679 et
914 3624 952 3680 ab
965 3624 1088 3682 ecclesia
1101 3629 1156 3683 tua
1168 3636 1310 3687 cunctam

103 3705 210 3781 repelle
224 3704 395 3779 nequitiam.
439 3702 498 3759 Per
512 3703 683 3762 Dominum.

378 3896 478 3953 Funis
499 3898 630 3966 Qosars
651 3897 819 3965 Quinum
843 3896 1023 3956 Tnuroauu.

164 3979 305 4055 Officium.

163 4061 364 4119 Roruiuiscerc
377 4058 598 4115 miserationum
614 4066 742 4129 tuarum,
755 4060 891 4121 Domine.
903 4066 931 4117 ct
943 4061 1149 4119 misericordia.
1164 4072 1225 4121 tuae
1240 4084 1309 4141 quse

101 4165 119 4201 a
133 4144 239 4201 sueulo
252 4148 340 4198 suut:
361 4159 399 4197 ne
415 4158 545 4214 unquam
567 4139 757 4197 dominentur
777 4142 862 4199 uobis
883 4143 995 4199 inimici
1016 4143 1119 4216 nostri,
1134 4143 1229 4202 libem
1244 4167 1308 4217 nos,

102 4226 183 4282 Deus
200 4222 299 4291 lsrael,
316 4241 354 4279 ex
368 4221 505 4277 omnibus
518 4220 663 4295 angustiis
677 4222 792 4279 nostris.

159 4306 305 4363 Parim-ua.

160 4388 212 4444 Ad
226 4394 265 4457 te,
278 4385 415 4457 Domine,
427 4381 526 4443 levavi
539 4382 669 4440 animam
682 4402 795 4443 meam:
817 4387 900 4445 Deus
913 4406 1004 4461 meus,
1016 4387 1048 4444 in
1060 4392 1092 4445 te
1106 4389 1233 4463 conlido,
1246 4410 1309 4450 non

100 4468 275 4527 erubescam
