2806 4920
440 328 541 394 Ferio
562 329 607 395 oi.
627 337 702 416 post
724 329 941 396 Pentecosten.

452 497 535 555 Isva
547 497 626 575 quod
639 503 685 555 est
697 497 856 571 sordidum,

451 577 529 655 Rigs
542 578 621 653 quod
634 584 679 636 est
691 578 817 651 aridum,

490 658 568 716 Sane
581 660 660 735 quod
674 666 720 717 est
731 659 870 717 saucium.

449 739 548 798 Flecte
558 741 638 817 quod
650 745 695 798 est
708 740 845 817 rigidum,

450 819 531 878 Fore
544 821 623 897 quod
637 816 683 907 est
695 821 847 897 frigidum,

489 902 572 978 Rege
586 901 664 980 quod
678 908 724 959 est
736 901 864 959 devium.

448 982 497 1040 Da
509 983 571 1040 tuis
584 983 720 1040 fidelibus

448 1064 488 1120 In
501 1069 532 1121 te
545 1064 760 1121 confidentibus

488 1144 608 1202 Sacrum
623 1144 831 1221 septenarium.

448 1225 495 1283 De
508 1226 631 1284 virtutis
644 1226 792 1298 meritum,

446 1305 495 1363 De
507 1305 611 1364 salutis
624 1308 749 1377 exitum,
1015 1331 1016 1334 ¹

485 1387 534 1445 Da
547 1407 675 1464 perenne
688 1386 837 1465 gaudium.
885 1385 992 1442 Arnen.

140 1494 310 1554 Secueulum
322 1494 435 1552 mooe
447 1493 504 1570 (ix.
523 1493 596 1570 1-6)

140 1577 180 1634 In
195 1577 247 1634 illo
260 1583 400 1653 tempore,
412 1576 589 1633 Convocatis
602 1574 624 1632 J
625 1593 692 1632 esus
704 1574 803 1633 decem
818 1573 970 1650 discipulis
983 1593 1073 1648 usque
1086 1572 1128 1630 od
1141 1571 1286 1650 evangeli·

75 1665 187 1729 zantes,
203 1664 235 1715 et
249 1662 385 1715 curantes
398 1656 517 1733 ubique.

140 1739 243 1797 Credo

141 1819 333 1893 offertorium.
375 1817 600 1889 Confirmahoo,
616 1817 705 1876 Deus

138 1897 280 1960 Secreta*

139 1981 264 2039 Hostias
292 1980 395 2058 populi
425 1980 481 2052 tui,
514 1998 690 2056 quaesumus,
718 1979 856 2050 Domine,
888 1978 1062 2035 miseranter
1091 1976 1221 2051 intende,
1251 1985 1282 2036 et

73 2068 113 2120 nt
133 2063 191 2120 tibi
211 2060 374 2119 redduntur
394 2067 527 2138 acceptas,
543 2060 736 2119 conscientias
757 2066 873 2117 nostras
888 2059 987 2117 Sancti
1002 2059 1131 2136 Spiritus
1144 2059 1295 2116 salutaris·

73 2143 219 2201 emundet
232 2143 385 2200 adventus.
428 2143 488 2200 Par
501 2141 673 2199 Dominum.
715 2142 754 2198 In
768 2141 885 2199 unitate
899 2140 1037 2217 ejusdem.

139 2222 317 2283 Oornmunio.
361 2223 387 2281 F
387 2229 470 2281 actus
483 2230 528 2280 est
541 2229 668 2300 repente.

136 2302 401 2363 Postoommum'o.†

137 2385 303 2456 Ssorifioiis,
317 2385 453 2456 Domine,
469 2384 641 2455 coelestibus,
654 2390 796 2461 operante
818 2383 933 2459 Spiritu
954 2382 1070 2447 Sancto,
1087 2382 1161 2440 vitia
1178 2388 1280 2441 nostra

71 2472 258 2544 purgentur3
285 2473 321 2523 ut
344 2466 515 2524 muneribus
536 2465 597 2524 tuis
618 2484 733 2542 semper
756 2464 900 2541 possimus
918 2465 1022 2541 aptari.
1065 2463 1124 2521 Per
1144 2464 1276 2524 eundem.

71 2549 115 2606 In
128 2549 245 2606 unitata
259 2546 396 2624 ejusdem.

562 2705 662 2764 Fssrs
682 2706 791 2764 Snxrs

136 2788 278 2864 Officium.

134 2869 298 2946 Repleatur
311 2889 343 2927 os
356 2888 456 2927 meum
469 2867 555 2926 lande
568 2874 630 2939 tus,
644 2867 789 2944 alleluya:
809 2874 845 2926 ut
859 2867 966 2944 possim
987 2873 1115 2939 eantare,
1130 2865 1275 2944 alleluya:

69 2951 244 3028 gaudebunt
257 2951 336 3009 labia
348 2969 423 3023 mes,
437 2949 509 3007 dum
523 2956 679 3007 cantavero
693 2949 759 3023 tibi,
773 2948 910 3025 alleluya,
924 2947 1058 3024 alleluya

132 3031 277 3090 Pselmus.
1019 3086 1022 3097 ,

132 3112 171 3170 In
190 3118 228 3185 te,
249 3111 385 3185 Domine,
405 3110 529 3188 speravi,
549 3130 609 3168 non
628 3109 792 3170 confundar
809 3111 842 3168 in
859 3115 1021 3168 oeternum:
1041 3109 1073 3165 in
1088 3108 1208 3185 justitia
1220 3115 1273 3167 tua

68 3194 165 3252 libera
177 3213 235 3263 me,
250 3200 281 3252 et
294 3193 374 3269 eripe
387 3211 442 3249 me.

132 3274 236 3350 Kyrie.
280 3274 348 3331 Lux
366 3280 399 3331 et
417 3271 507 3350 origo.

132 3353 242 3413 Oratio.

131 3435 188 3508 Da,
200 3454 377 3512 quaesumus,
388 3433 526 3492 Ecclesiae
540 3439 608 3506 tuse,
625 3434 787 3492 misericors
802 3435 891 3506 Deus,
906 3440 942 3491 ut
956 3433 1071 3509 Spiritu
1086 3433 1194 3491 Sancto
1207 3453 1273 3492 con-

65 3522 197 3593 gregata,
222 3515 324 3574 hostili
347 3515 518 3573 nullatenus
541 3515 709 3573 incursione
731 3516 876 3573 turbetur.
929 3514 988 3572 Per
1011 3514 1181 3572 Dominum.
1233 3515 1271 3571 In

64 3599 185 3655 unitate
198 3597 336 3674 ejusdem.

128 3678 224 3736 lectio
238 3678 369 3736 Actreum
381 3676 586 3754 Apostolorum
598 3677 647 3754 (ti.
666 3677 778 3754 22-28).

129 3759 169 3816 In
182 3757 285 3816 diebus
298 3758 375 3831 illus,
386 3758 535 3835 Aperiens
548 3757 656 3815 Petrus
665 3777 697 3816 os
707 3777 801 3830 suum,
813 3758 910 3829 dixit3
925 3757 994 3815 Viri
1006 3757 1158 3830 Israelitae,
1168 3757 1271 3814 audite

63 3860 158 3917 resque
171 3840 212 3898 ud
220 3839 406 3916 jocunditate
419 3858 486 3897 cum
500 3839 574 3896 faeie
587 3845 647 3897 tua.

126 3920 276 3998 Alleluya
325 3920 355 3980 V.
377 3919 491 3977 Emitte
506 3919 659 3996 Spiritum.

45 3998 56 4015 ‘
124 4002 275 4078 Alleluye.
324 4001 354 4059 V.
376 4000 486 4061 Factus
500 4007 545 4059 est
555 4000 592 4058 de
605 4001 675 4059 caelo
689 4020 778 4058 sonus
791 4006 934 4078 tunquam
947 3999 1133 4058 advenientis
1146 3999 1268 4076 spiritus

62 4084 255 4142 vehementis

124 4193 138 4216 ⁸
152 4189 338 4237 MS-Virtuts
349 4189 455 4248 Spiritus
465 4187 557 4248 Sancti,
565 4189 674 4246 Domino,
682 4202 782 4235 munero
792 4194 873 4235 nostra
883 4188 1023 4247 conjunge·
1033 4191 1061 4233 ut
1071 4186 1135 4246 quod
1145 4185 1267 4232 sollemni-

63 4253 114 4296 tate
124 4249 239 4309 presenti
253 4255 296 4296 tuo
310 4248 401 4295 nomini
415 4247 542 4306 dedicerit,
552 4251 577 4294 et
586 4248 738 4306 intelligibile
748 4249 818 4295 nobis
827 4248 868 4294 flat
877 4251 902 4293 et
913 4253 1035 4293 eternum
1067 4245 1114 4291 l'er
1129 4245 1265 4291 Dominum.

65 4311 96 4355 In
106 4309 200 4356 unitate
208 4307 321 4368 ejusdem.

123 4369 136 4428 t
146 4367 394 4427 MS-Surupsimus,
404 4365 514 4424 Domine,
524 4366 586 4411 sacri
596 4366 658 4412 dona
668 4366 777 4425 mysterii
792 4366 912 4411 humiliter
922 4365 1082 4422 deprecantes,
1092 4365 1120 4407 nt
1130 4376 1183 4422 quso
1194 4362 1219 4406 in
1229 4363 1265 4408 tui

62 4426 344 4474 commemorationem
354 4425 431 4471 tacere
441 4425 586 4485 precepisti,
595 4425 621 4469 in
631 4430 719 4472 nostrro
729 4425 853 4484 proficiant
863 4424 1007 4470 infirmitatis
1017 4422 1141 4468 auxilium.
1173 4422 1227 4467 Per.

529 4504 541 4527 ⁰
553 4501 806 4553 Serum-“continge''
