2804 4920
165 328 206 389 58
529 324 633 391 Hebd.
656 323 695 390 ii.
720 323 999 412 Quodroyeeimm

640 493 741 551 Ferus
760 494 893 563 Qumrs.

225 572 365 647 (ficium.

224 653 314 727 Deus,
337 654 370 710 in
391 654 571 730 adjutorium
592 675 690 713 meum
712 656 834 713 intende
845 676 854 728 ;
882 655 1018 727 Domine,
1037 655 1076 713 nd
1096 654 1304 732 adjuvandum
1327 674 1373 714 me

162 734 286 793 festina:
307 735 526 794 confundentur·
539 742 570 795 et
589 744 781 795 revereantur
793 737 907 795 inimici
925 736 992 810 mei,
1007 737 1060 814 qui
1079 742 1222 813 quaerunt
1242 738 1372 795 animam

163 835 268 875 meam.

223 896 370 956 Psalmus.

223 978 412 1037 Avertantur
425 984 585 1038 retrorsum
598 987 628 1038 et
642 981 833 1039 erubescant:
854 980 907 1056 qui
920 980 1027 1038 volunt
1040 979 1115 1037 mihi
1128 978 1215 1039 malo.

226 1059 334 1119 Oratio.

224 1140 336 1198 Praesta
354 1142 448 1215 nobis,
462 1162 638 1219 quaesumus,
655 1144 791 1214 Domine,
806 1142 952 1200 auxilium
972 1143 1075 1219 gratie
1089 1148 1170 1199 tuoe:
1193 1146 1232 1199 ut
1248 1142 1371 1219 jejuniis

163 1228 194 1279 et
216 1222 398 1280 orationibus
422 1224 631 1281 convenienter
654 1224 774 1296 intenti,
800 1224 960 1282 liberemur
983 1225 1021 1282 ab
1048 1223 1183 1281 hostibus
1209 1224 1324 1281 mentis
1342 1230 1371 1281 et

163 1303 298 1381 eorporis
342 1303 401 1361 Per
414 1305 585 1362 Dominum.

223 1384 318 1442 Lectio
331 1384 486 1442 Hier-emite
500 1384 649 1461 Prophetae
662 1384 748 1461 (xci-i.
765 1385 859 1464 5-10).

222 1465 353 1524 Locutus
380 1472 425 1523 est
452 1466 620 1524 Hieremias
655 1467 799 1543 propheto
834 1467 952 1525 dicens:
983 1465 1163 1524 Maledictus
1188 1464 1292 1537 homo,
1320 1464 1369 1542 qui

162 1547 284 1604 confidit
298 1548 329 1604 in
347 1546 466 1605 homine
485 1568 576 1622 amorre
596 1549 637 1605 ad
657 1554 687 1605 et
705 1550 796 1625 juxta
816 1548 947 1605 fmctum
968 1547 1215 1605 adinventionum
1240 1566 1367 1615 suarum,

162 1627 236 1688 dicit
252 1627 398 1686 Dominus
419 1628 611 1705 omnipotens

226 1708 360 1766 Gradole.

224 1790 375 1866 Propitius
395 1797 466 1864 esto,
491 1791 628 1864 Domine,
652 1790 779 1868 pcccatis
801 1791 928 1850 nostris:
956 1788 1114 1866 nequando
1137 1788 1242 1848 dicant
1258 1794 1367 1867 gentes,

164 1870 228 1929 Ubi
241 1877 286 1928 est
299 1871 381 1929 Deus
394 1891 503 1930 comm.

169 1952 197 2010 Γ.
223 1952 347 2029 Adjuva
361 1972 422 2025 nos,
438 1954 520 2011 Deus
533 1953 670 2011 salutaris
683 1960 800 2011 noster:
821 1959 853 2011 et
872 1959 993 2029 propter
1012 1952 1155 2011 honorem
1169 1950 1302 2009 nominis
1312 1950 1364 2023 tui,

163 2033 299 2104 Domine,
315 2034 407 2091 libem
420 2054 481 2091 nos.

223 2115 423 2190 Ecursqelium.
460 2115 626 2173 ‚stanuum
639 2114 805 2173 Johonuem
819 2114 861 2191 (c.
879 2112 996 2193 30-4t).

224 2196 261 2253 In
276 2196 328 2253 illo
341 2203 479 2272 tempore,
494 2196 583 2254 Dixit
603 2196 692 2254 Jesus
711 2197 809 2254 turbis
829 2196 851 2254 J
852 2196 1022 2254 udaeorum:
1044 2194 1116 2252 Nou
1136 2213 1257 2271 possum
1276 2210 1362 2269 egos

162 2277 273 2352 meipso
293 2277 387 2333 facere
408 2277 564 2353 quicquum
586 2298 677 2351 umus
700 2279 740 2335 ad
763 2277 795 2335 Si
815 2284 916 2335 eutem
933 2277 1013 2334 illius
1029 2275 1139 2333 litteris
1157 2294 1220 2333 non
1238 2274 1358 2345 creditis

163 2357 309 2434 quomodo
322 2358 420 2415 verbis
433 2359 506 2415 meis
519 2357 665 2415 credetisi

226 2438 416 2511 offertorium.

224 2518 366 2577 Precutus
379 2525 425 2577 est
439 2518 558 2595 Moyses
570 2519 602 2577 in
617 2527 774 2596 conspeetu
789 2519 912 2578 Domini
926 2519 984 2577 Dei
997 2518 1044 2577 sui
1060 2524 1092 2576 et
1105 2517 1204 2576 dixit:
1230 2521 1353 2595 precatus

162 2606 207 2659 est
229 2600 348 2677 Moyses
369 2600 399 2658 in
420 2609 577 2678 conspectu
599 2601 722 2658 Domini
746 2601 805 2658 Dei
828 2601 884 2671 sui,
907 2607 938 2657 et
961 2600 1060 2657 dixit:
1091 2599 1201 2670 erere,
1228 2598 1351 2667 Domine,

162 2682 295 2740 irasceris
310 2683 341 2739 iu
355 2683 463 2759 populo
477 2685 550 2741 tuot
569 2702 655 2759 perce
669 2683 720 2739 irre
734 2682 827 2739 animi
840 2682 904 2739 tui:
926 2694 1073 2738 memento
1092 2680 1258 2752 Abraham,
1272 2680 1350 2745 Isaac,

162 2769 193 2822 et
205 2763 309 2836 Jacob,
328 2765 435 2840 quibus
448 2764 558 2840 jurasti
579 2764 649 2821 dare
669 2770 778 2821 terram
795 2763 937 2819 fluentem
959 2762 1002 2819 lac
1021 2768 1051 2818 et
1071 2760 1138 2817 mel.
1176 2760 1219 2818 Et
1235 2760 1348 2838 piscatus

161 2845 257 2903 iactus
271 2854 316 2903 est
331 2846 477 2904 Dominus
490 2846 527 2904 de
541 2845 735 2921 malignitate,
752 2864 841 2920 quam
855 2843 933 2900 dixit
947 2843 1042 2901 iacere
1055 2841 1165 2919 populo
1178 2861 1240 2899 suo.

222 2926 343 2985 Semta.

222 3007 368 3065 Praesenti
390 3007 532 3065 sacrificio
553 3007 668 3064 nomini
690 3013 744 3064 tuo
768 3024 831 3074 nos,
853 3004 988 3075 Domine,
1007 3004 1124 3081 jejunia
1144 3004 1244 3061 dicata
1261 2996 1346 3059 saneti

162 3087 259 3159 licent,
274 3098 311 3145 ut
330 3089 409 3164 quod
429 3089 616 3147 observantia
635 3094 737 3145 nostra
757 3087 911 3163 profitetur
931 3087 1070 3158 exterius,
1086 3086 1212 3142 interius
1231 3086 1348 3161 operetur

162 3168 276 3227 effectu
319 3168 385 3226 Per.

224 3248 406 3308 (lorrrmuru'o,
1394 3318 1396 3327 Ι

223 3329 283 3399 Qui
298 3330 456 3387 munducat
469 3349 563 3387 ineam
577 3350 692 3388 caruem
709 3336 739 3388 et
752 3329 830 3388 bibit
843 3349 941 3387 meum
955 3328 1147 3406 sanguinem:
1168 3327 1200 3385 in
1211 3322 1345 3384 menanti
1394 3336 1396 3357 ³

162 3418 193 3469 et
206 3430 260 3487 ogo
274 3412 306 3467 iu
320 3431 362 3482 co,
379 3411 451 3468 dicit
468 3412 618 3469 Dominus
1392 3366 1396 3469 i

226 3492 464 3550 I'oslcommuuio.
1393 3472 1396 3597 ⁴

223 3573 327 3631 (lustin
348 3580 400 3631 tua
420 3593 482 3643 nos,
498 3574 634 3646 Domine,
649 3593 824 3650 quesumus.
840 3591 899 3629 non
921 3570 1124 3647 derelinquat:
1146 3589 1213 3646 quae
1232 3574 1262 3628 et
1274 3574 1345 3624 aaut2

162 3672 216 3711 uos
236 3653 350 3710 duum
369 3654 459 3713 firciut
479 3655 625 3727 servituti,
640 3663 671 3712 et
690 3662 774 3711 tumn
795 3653 880 3711 nobis
898 3672 983 3730 opem
997 3672 1111 3729 semper
1123 3651 1264 3728 acquiret.
1300 3642 1347 3701 Ρθῐ

163 3734 326 3791 Dominum
340 3743 482 3794 rrmtrum.

223 3816 318 3891 Stipes·
335 3817 487 3893 papulum.

223 3896 346 3963 eulesio,
362 3897 494 3964 Domine,
509 3896 626 3956 tinnulis
640 3897 709 3967 tuis,
725 3903 756 3954 ct
770 3902 943 3972 perpetuam
956 3894 1171 3972 benignitatem
1183 3893 1286 3971 largire
1297 3896 1346 3964 ΡΨ

161 3978 314 4038 centibus:
335 3985 370 4036 ut
391 3977 436 4034 his
457 3978 508 4055 qui
523 3986 553 4035 tu
566 3988 684 4035 auctmu
698 3986 729 4035 ct
747 3977 943 4054 gubernatore
956 3976 1129 4054 gloriantur,
1145 3982 1177 4034 et
1191 3966 1346 4053 congreg⁸i⁵

162 4066 315 4129 restaures,
331 4066 362 4117 ct
375 4066 540 4117 munau
552 4078 713 4117 conserves.
757 4058 815 4115 Per
829 4058 1000 4115 Dominum.

649 4218 746 4277 Ferus
768 4218 877 4277 Ssxm.

222 4304 404 4461 ffliiiibm
426 4402 493 4441 cum
510 4381 632 4458 ⁸iustitia
651 4380 797 4459 npmmbo
817 4381 849 4438 in
869 4387 1026 4458 conspeetu
1046 4386 1117 4439 tuo:
1141 4379 1276 4450 satiabor,
1289 4370 1346 4431 (Ιῦὶ1

161 4466 399 4527 muriicstubitur
410 4464 505 4544 gloria
518 4470 578 4521 tua.
