2804 4920
448 324 498 393 Ie
519 322 723 412 Epiphanio
742 322 898 392 Domini.

423 491 638 570 Supplicemus,
654 512 708 551 nos
722 491 854 565 emendo,

423 574 603 633 Emendatos
616 593 671 632 nos
684 573 856 632 commende

424 655 489 713 Tuo
502 661 574 712 neto
587 655 624 713 ed
637 654 773 713 habende

465 736 652 813 Sempitems
664 735 779 814 gaudis

118 842 193 902 Alio
206 842 370 918 Sequentia.

82 950 263 1008 oetsbundus
276 949 391 1008 exultet
405 947 501 1006 fidelis
514 947 629 1020 chortis,
643 946 794 1023 Alleluye.

82 1037 173 1109 legem
187 1049 290 1107 regum
303 1029 423 1087 intectae
437 1028 570 1105 profudit
584 1036 668 1086 torus
673 1047 683 1101 ;
702 1048 748 1086 res
761 1026 903 1086 mirande.

82 1112 198 1190 mgelus
212 1110 327 1168 consilii
340 1116 429 1168 natus
442 1117 488 1167 est
501 1110 538 1168 de
551 1110 677 1186 virgine,
691 1109 734 1166 sol
749 1108 785 1166 de
798 1107 903 1180 stelle3

84 1193 114 1250 ol
128 1211 262 1250 oecssum
275 1192 414 1260 nesciens,
429 1191 514 1248 stelle
528 1209 642 1266 semper
655 1189 790 1260 rutilans,
805 1208 920 1265 semper
932 1189 1017 1247 clere.

83 1274 148 1331 icut
160 1273 242 1331 sidus
255 1272 380 1345 rodium,
395 1271 509 1349 profert
522 1272 606 1349 virgo
620 1270 726 1342 filium,
741 1270 806 1347 pari
819 1270 920 1328 forms

82 1354 170 1430 leque
184 1355 266 1412 sidus
279 1353 371 1425 radio,
386 1372 481 1429 neque
495 1359 590 1409 meter
603 1351 673 1424 filio,
689 1352 725 1409 fit
738 1357 882 1427 corrupte

82 1435 176 1493 ledrus
190 1435 251 1493 slts
265 1435 373 1492 Libani
386 1433 588 1491 conformetur
601 1432 728 1509 hyssopo
741 1432 819 1490 valle
832 1437 941 1490 nostre

82 1516 201 1574 Verbum
215 1535 266 1573 ens
279 1514 416 1574 altissimi
428 1514 573 1590 corporali
581 1531 704 1592 passum
718 1519 763 1571 est
776 1532 862 1571 carne
876 1517 1002 1590 sumpte„

82 1597 167 1655 'saise
180 1596 296 1669 cecinit,
313 1614 460 1673 synagoge
474 1595 619 1667 meminit,
630 1614 783 1670 nunquam
796 1600 898 1652 tomen
911 1594 1021 1653 desinit
1033 1615 1095 1655 esse
1109 1614 1202 1672 οπως

82 1680 96 1735 i
105 1698 169 1735 non
179 1677 241 1735 suis
250 1677 377 1746 vatibus,
386 1677 486 1735 credet
495 1677 544 1733 vel
558 1674 727 1752 gentilibus,
737 1672 889 1752 Sibyllinis
900 1676 1033 1734 versibus
1042 1676 1105 1737 haee
1122 1679 1271 1757 praediets⁴

82 1758 178 1817 nfelix
192 1777 324 1835 propere,
339 1757 423 1815 crede
436 1757 485 1814 vel
498 1762 617 1830 vetem
638 1776 691 1814 cur
704 1756 898 1827 damnaberis,
912 1776 984 1833 gens
996 1758 1111 1820 misera.

82 1844 162 1910 luem
176 1839 262 1897 doeet
275 1839 370 1911 litera,
385 1845 490 1895 natum
505 1837 673 1896 considers:
695 1837 799 1914 Ipsum
813 1837 917 1914 genuit
930 1857 1082 1915 puerpera.

128 1934 203 1993 Alia
216 1935 379 2010 deputetis

82 2016 178 2088 leude,
194 2017 279 2093 virgo
292 2015 421 2087 eeclesia,
436 2014 549 2072 Christi
562 2020 593 2072 et
606 2019 674 2073 tues
688 2013 818 2072 recolens
831 2013 1000 2090 spirituales
1013 2017 1152 2094 nuptias,

82 2101 146 2169 lues
160 2116 243 2173 reges
257 2096 341 2174 Magi
354 2095 510 2168 celebrant,
526 2096 604 2153 dons
616 2096 744 2153 ferentes
758 2096 889 2172 mystice

83 2199 105 2236 n
117 2179 166 2236 his
180 2178 312 2236 omnies
325 2176 438 2254 Sponso
452 2175 621 2234 conduntur
633 2195 711 2233 nove
724 2176 827 2234 divino
842 2176 983 2253 potentie„

82 2267 171 2336 lqnss
187 2258 296 2336 legales
309 2258 341 2314 in
353 2258 425 2315 vine
438 2257 618 2334 Evangelicn
629 2257 722 2315 vertit
735 2258 847 2316 virtute
861 2278 921 2316 sua.

82 2341 134 2399 Iso
156 2341 191 2397 in
213 2340 260 2397 die
282 2339 395 2397 fluente
415 2345 511 2396 sacret
532 2339 553 2397 J
555 2338 709 2396 ordenics:
740 2338 808 2398 Rex
830 2345 861 2398 et
882 2338 946 2397 caeli
968 2340 1116 2401 Dominus
1140 2361 1224 2402 servo
1245 2364 1276 2403 se

147 2419 293 2494 inclinst5

82 2502 175 2560 [nsons
188 2501 252 2578 ipss
266 2509 333 2559 tues
345 2500 448 2558 levans
461 2499 599 2572 macules,

82 2583 114 2642 Jt
126 2583 168 2640 sis
181 2583 211 2640 ei
224 2586 326 2640 sancte
339 2588 370 2640 et
382 2582 562 2658 incorrupte,

82 2663 145 2722 loro
158 2664 223 2740 ejus
237 2662 327 2740 digne
340 2669 371 2720 et
384 2662 477 2739 regali
490 2669 618 2734 corons3

82 2744 170 2803 linter
181 2744 321 2815 filiorum,
335 2743 419 2819 virgo
433 2749 534 2801 tomen
548 2744 679 2814 intects3

82 2824 119 2883 Ut
132 2831 163 2883 et
175 2845 275 2883 secum
289 2824 448 2901 praevaleas
461 2824 594 2881 habitare
607 2825 639 2881 in
654 2823 762 2881 eaelesti
775 2823 874 2896 curia;

82 2904 114 2962 llt
127 2926 184 2982 qna
197 2905 286 2983 corde
298 2905 446 2963 exhilaret
458 2904 589 2982 angelica
602 2903 760 2981 perfrueris
773 2902 886 2981 glorie5

85 2985 141 3055 Quo
153 3007 205 3046 nos
219 2988 282 3064 ipse
295 2987 353 3044 sibi
366 2986 527 3045 servientes
541 2987 690 3063 perducat.

138 3090 203 3150 Alie
216 3091 380 3167 Sequente

95 3169 209 3231 Gaudete
222 3193 276 3230 vos
288 3172 388 3230 fideles
402 3172 534 3250 gentium
548 3191 617 3249 pars
630 3172 740 3229 electe:

99 3251 253 3331 AEthiopum
268 3253 389 3330 nigredo
403 3257 435 3310 in
448 3253 470 3311 J
471 3253 560 3310 udam
576 3259 620 3311 est
633 3252 784 3310 translate

101 3330 213 3392 Oderunt
226 3335 343 3392 Arabes
356 3353 470 3407 aurum,
486 3334 605 3391 Tharsis
618 3333 779 3409 myrrham,
794 3339 824 3390 et
842 3334 912 3392 thus
926 3335 1009 3393 Saba„

103 3409 246 3474 Ostendent
259 3416 390 3492 mystice,
405 3416 471 3492 quis
485 3416 525 3471 sit
538 3415 587 3472 cui
600 3433 654 3472 sua
667 3415 799 3491 prsebent
813 3414 896 3473 dona.

104 3488 153 3549 Rex
162 3515 210 3572 per
221 3516 337 3568 aurum,
352 3516 405 3573 per
417 3497 488 3553 thus
501 3496 642 3567 sacerdon,
656 3515 709 3572 per
722 3495 870 3572 myrrham
886 3497 1044 3574 sepulture.

104 3567 243 3635 Offeramus
256 3597 289 3634 re
302 3597 372 3635 vere
386 3576 512 3649 Christo,
528 3576 607 3652 quod
621 3596 702 3652 reges
715 3577 748 3634 in
762 3576 863 3653 figure„

103 3645 291 3716 Examinemus
304 3664 424 3730 mentes,
440 3664 471 3715 et
484 3677 589 3715 surum
603 3658 694 3715 estin
707 3677 758 3714 ers
771 3677 777 3714 :

101 3723 294 3798 Mortifieemur
307 3739 409 3816 culpis,
426 3745 457 3796 et
470 3739 511 3796 sic
525 3739 648 3795 offertur
660 3738 801 3814 myrrha:

99 3801 192 3876 Tluris
203 3822 271 3879 odor
284 3820 422 3897 optimus,
438 3821 516 3897 quod
536 3819 638 3877 Sebaes
659 3818 794 3896 protulit,
809 3820 847 3878 ad
868 3820 1017 3878 virtutum
1039 3821 1170 3898 pertinet
1192 3843 1284 3883 sacre

167 3908 301 3960 mentum.

93 3962 208 4037 Senem
235 4002 363 4059 namque
394 3981 522 4059 Spiritns
550 3981 612 4058 ipse
643 3981 728 4038 nobis
761 3980 889 4058 praebuit
923 3983 1001 4040 bons
1028 3985 1136 4044 mentis
1163 3986 1298 4045 naribus*

87 4122 127 4190 Ad
146 4060 363 4225 uliiinmullrdallsns
377 4152 422 4203 est
435 4143 532 4203 ducta.
575 4142 688 4201 Psellst
702 4142 816 4217 chorus,
831 4142 980 4221 Alleleye
1068 4230 1071 4235 ᾗ

461 4326 625 4397 ,normes
645 4341 739 4399 mres
761 4325 909 4396 Oomvss.

126 4444 191 4508 ⁴4⁴2
204 4458 330 4523 Missam
343 4459 442 4521 menia
448 4462 529 4536 fient
543 4468 577 4518 ut
590 4459 624 4518 ie
638 4458 693 4531 die,
709 4479 775 4518 cum
787 4457 838 4518 hec
851 4456 1019 4533 E-vanqetio.
