2804 4920
543 328 640 393 Festo
661 327 818 414 Amaci.

461 491 581 550 Fortem
595 492 734 571 expediat

501 571 560 632 Pro
574 574 659 631 nobis
673 572 823 645 nuntium,

501 655 622 712 Mature
636 655 725 713 fisciat

501 736 547 795 Ut
561 736 765 813 pnejudicinm

500 817 539 874 In
552 828 641 894 partu
655 815 786 893 virginis.

459 898 610 957 Naturam
624 906 743 975 superet

500 981 599 1037 Natus
613 1001 666 1038 rex
672 980 789 1073 gloriis,

499 1062 617 1138 Regnat
630 1069 661 1119 et
674 1071 798 1137 imperet

499 1142 540 1200 Ea
553 1163 637 1219 zyma
650 1143 749 1200 sooriae

499 1223 597 1282 Tollat
610 1225 647 1281 de
661 1224 765 1281 medio.

458 1303 699 1381 Superbientium

499 1386 588 1443 Teiat
600 1385 727 1463 fastigia,

499 1466 583 1524 Colla
596 1467 768 1524 sublimium

498 1548 621 1605 Calcans
634 1549 666 1605 vi
679 1547 806 1625 propria,

498 1628 609 1686 Potens
623 1630 654 1685 in
669 1628 777 1706 praelio.

458 1708 550 1767 Foras
563 1711 587 1784 ej
592 1710 661 1767 icieb

498 1790 686 1848 Mundanum
700 1790 862 1867 principem
874 1810 882 1861 ;

498 1871 699 1948 sponsamque
713 1872 801 1929 faciei

498 1953 602 2010 Secum
616 1952 791 2029 participem

497 2032 596 2091 Petris
609 2034 734 2110 imperii.

457 2114 525 2183 Exi,
541 2114 593 2191 qui
606 2115 735 2172 mitteris

497 2195 572 2253 Haeo
586 2194 663 2253 dona
676 2195 693 2252 d
697 2196 791 2269 iocre;

496 2276 610 2335 Revela
622 2277 731 2335 veteris

496 2357 642 2415 Velamen
659 2358 753 2416 literae

496 2438 621 2497 Virtute
635 2441 743 2497 nuntii.

455 2520 580 2589 Accede,
597 2520 711 2592 nuntia,

497 2602 563 2672 Dic,
580 2603 657 2672 Ave,
673 2601 825 2673 cominus5

497 2682 563 2752 Dic,
578 2682 672 2740 Plena
684 2683 806 2759 giutiae;

497 2762 563 2832 Dic,
579 2763 687 2820 Tecum
702 2763 867 2835 Dominus;

496 2843 537 2900 Ee
551 2844 607 2915 dic,
623 2843 654 2901 N
657 2864 672 2901 e
686 2845 799 2902 timeae.

455 2924 550 3002 Virgo
564 2925 705 3001 suscipias

496 3006 553 3063 Dei
567 3005 742 3082 depositum,

495 3086 534 3143 In
548 3106 607 3162 quo
621 3088 753 3162 perficias

495 3168 583 3225 Casta
598 3170 790 3244 propositum,

495 3247 536 3305 Et
549 3255 653 3305 votum
667 3260 775 3308 teneas.

454 3329 554 3387 Audit
567 3336 598 3386 ct
611 3331 734 3407 suscipit

494 3410 599 3468 Puella
613 3412 763 3483 nuntium,

494 3490 604 3561 Credit,
619 3499 650 3549 et
663 3493 799 3569 concipit,

495 3572 536 3629 Et
549 3573 628 3649 parit
642 3573 746 3643 filium,

495 3651 552 3711 sed
566 3653 770 3711 admirabilem

454 3733 664 3792 Conciliarium

493 3815 630 3873 Humani
643 3816 766 3893 generis,

495 3897 535 3952 Et
550 3896 647 3954 licum
661 3897 793 3967 fortium,

494 3977 535 4034 Ec
548 3985 663 4053 patrem
677 3981 810 4053 posteris,

494 4058 535 4116 Et
548 4078 618 4134 pace
632 4059 775 4117 stabilem.

447 4155 520 4237 [Qui
534 4157 619 4213 nobis
633 4157 748 4214 tribuat

490 4237 607 4295 Peccati
620 4238 738 4295 veniam
748 4259 757 4312 3

490 4320 603 4376 Rectus
617 4318 721 4390 diluat,

488 4400 529 4457 Et
544 4399 633 4457 donet
646 4401 772 4476 gratiam

491 4481 530 4538 In
544 4499 610 4539 arce
623 4480 884 4569 siderum—MS]
926 4489 1034 4549 Anien.
