2804 4920
373 358 478 425 Ferte
491 357 532 424 ii.
549 360 589 425 H
587 359 778 425 ebdoumdoe
793 360 933 427 Suatotoe.

512 525 613 584 Fnum
634 527 789 586 Srcuuns,

108 606 249 682 Officium

105 689 128 747 J
131 689 225 761 udice,
240 687 377 760 Domine,
391 693 530 746 nocentes
544 707 599 759 me,
611 708 750 764 expugno
763 689 971 765 impugnantes
984 708 1050 762 me;
1070 689 1255 766 apprehende

39 789 129 828 armo
139 776 170 828 et
183 775 314 828 scutum:
335 776 366 827 et
378 788 503 846 exsurge
517 769 549 826 in
563 769 746 846 adjutorium
760 789 874 828 meum:
895 770 1033 842 Domine,
1044 770 1141 828 virtus
1150 769 1255 829 salutis

42 870 127 909 meae

109 931 256 990 Psalmue.

108 1012 237 1071 Effunde
249 1012 409 1070 frameam:
440 1018 470 1071 et
489 1011 631 1070 conclude
652 1011 793 1070 adversus
814 1031 863 1070 eos
882 1012 935 1088 qui
952 1031 999 1071 me
1019 1019 1254 1090 persequuntur:

43 1093 94 1152 dic
108 1095 215 1151 animre
229 1113 308 1172 men,
325 1093 410 1152 Solus
423 1100 478 1151 tue
490 1112 543 1170 ego
557 1112 630 1151 sum.

110 1174 220 1233 Oratio

109 1256 167 1327 De,
183 1275 358 1332 quaesumus,
377 1256 563 1332 omnipotens
588 1254 678 1324 Deus,
693 1260 728 1311 ut
750 1255 801 1330 qui
824 1253 856 1311 in
878 1260 926 1312 tot
948 1254 1078 1313 adversis
1098 1275 1136 1313 ex
1157 1262 1258 1315 nostra

47 1337 224 1394 infirmitate
233 1337 394 1408 deficimus,
413 1337 615 1394 intercedente
634 1335 781 1412 unigeniti
792 1334 864 1392 Filii
873 1335 920 1392 tui
929 1335 1062 1412 passione
1071 1337 1254 1413 respiremus

47 1418 108 1487 Qui
128 1425 228 1475 tecum
242 1418 326 1475 vivit.

108 1499 205 1556 lectio
219 1498 317 1557 Eeoioe
331 1498 481 1574 Prophetae
493 1497 529 1575 (l.
546 1495 641 1575 5-10).

110 1579 149 1636 ln
174 1579 277 1637 diebus
300 1579 369 1652 illis,
395 1578 484 1636 Dixit
509 1578 629 1635 Esaias:
659 1577 807 1634 Dominus
831 1577 914 1635 Deus
937 1597 1020 1636 meus
1043 1580 1160 1656 aperuit
1182 1578 1257 1637 milri

49 1680 160 1731 eurem,
175 1681 266 1735 coque
279 1661 320 1718 ad
333 1667 364 1718 et
378 1660 527 1718 innitetur
539 1678 627 1736 super
641 1658 772 1715 Domino
786 1658 851 1716 Deo
865 1678 925 1716 suo.
1003 1657 1005 1662 ’

111 1740 247 1800 Gradule.

110 1822 254 1898 Exsurge,
271 1822 409 1894 Domine,
424 1827 455 1880 et
468 1820 589 1879 intende
606 1820 720 1896 judicio
742 1839 825 1877 meo:
854 1820 936 1878 Deus
954 1841 1036 1879 meus
1057 1828 1089 1879 et
1110 1821 1258 1880 Dominus

53 1921 139 1973 neus,
155 1903 188 1960 in
202 1923 320 1961 causam
334 1923 437 1961 meum.

60 1983 84 2041 l'.
111 1983 241 2042 Effunde
254 1984 412 2042 frameam:
433 1989 464 2043 et
476 1982 616 2042 conclude
630 1982 770 2040 adversus
783 2001 832 2040 eos
845 1983 898 2059 qui
912 2001 958 2040 me
971 1990 1197 2060 persequuntur.

111 2065 259 2127 Tractus..
288 2065 426 2142 Dignere.

110 2146 279 2204 Secundum
292 2145 456 2204 donantem
470 2145 538 2222 (xii.
554 2144 649 2222 1-36).

110 2229 196 2285 Ante
217 2247 270 2285 sex
292 2227 354 2285 dies
376 2225 495 2283 Peschae
518 2226 601 2282 venit
622 2225 711 2283 Jeeus
733 2224 920 2298 Betheniem,
936 2225 990 2283 ubi
1010 2225 1108 2283 fueret
1129 2225 1258 2285 Incarus

59 2327 140 2382 roeqree
155 2309 197 2365 ad
210 2314 241 2365 et
254 2308 407 2366 abscondit
421 2327 451 2364 se
465 2308 502 2364 ab
520 2307 568 2364 eis

113 2388 306 2462 Offirtoetum.

113 2469 203 2546 Eripe
218 2489 264 2527 me
279 2468 315 2527 de
328 2468 456 2527 inimicis
477 2467 567 2525 meis:
593 2467 731 2539 Domine,
746 2467 784 2525 ed
805 2473 836 2525 te
854 2467 992 2546 confugi3
1016 2469 1086 2528 doce
1100 2489 1147 2527 me
1164 2470 1257 2528 facere

62 2550 237 2607 voluntatem
250 2557 342 2622 tuem,
358 2550 428 2627 quie
441 2550 524 2607 Deus
538 2568 620 2606 meus
633 2568 664 2606 es
678 2555 720 2607 tu.

112 2631 233 2689 Secreta.

115 2712 188 2770 Haec
211 2712 353 2770 sacrificia
373 2731 435 2784 nos,
451 2711 638 2786 omnipotens
660 2710 749 2776 Deus,
768 2710 885 2785 potenti
906 2710 1020 2768 virtute
1042 2711 1200 2769 mundatos
1220 2711 1259 2769 sd

64 2809 139 2849 suum
155 2793 267 2850 sacient
281 2793 413 2869 puriores
425 2792 528 2850 venire
540 2791 726 2868 principium
769 2789 829 2847 Per
843 2789 1014 2848 Dominum.

115 2874 294 2933 Commuuio.

116 2955 301 3013 Embescunt
314 2961 345 3012 et
358 2958 548 3013 revereantur
558 2952 654 3023 simul,
667 2951 717 3028 qui
729 2951 918 3027 gratulentur
932 2952 1017 3009 melis
1032 2953 1116 3010 meis:
1138 2953 1262 3011 induen-

66 3038 108 3090 tur
119 3037 230 3112 pudore
244 3042 275 3094 et
288 3036 462 3108 reverentie,
477 3036 529 3111 qui
542 3034 672 3110 maligne
685 3033 848 3110 loquuntur
861 3032 1017 3090 adversum
1032 3053 1087 3092 me.

115 3117 356 3175 Postcommuuio.

117 3198 273 3255 Pnebeant
294 3197 386 3270 nobis,
406 3196 542 3260 Domino,
556 3195 690 3252 divinum
713 3200 767 3251 tue
788 3200 890 3252 sancte
914 3193 1143 3273 fervoremque
1161 3216 1263 3255 eorum

69 3279 166 3348 puriter
178 3285 210 3337 et
222 3286 293 3337 actu
306 3278 485 3336 delectemur
498 3284 529 3334 et
542 3277 649 3336 fructu.
692 3275 751 3334 Per
765 3275 936 3333 Dominum.

118 3360 212 3435 Super
220 3359 372 3436 populum.

119 3442 239 3516 Adjnve
253 3460 313 3511 nos,
328 3440 411 3497 Deus
424 3438 561 3496 salutaris
574 3444 689 3495 noster:
715 3443 746 3495 ct
766 3436 804 3494 ed
824 3437 966 3495 beneficis
979 3438 1142 3509 recolende,
1156 3440 1265 3514 quibus

71 3533 112 3576 nos
122 3522 287 3580 instaurare
300 3521 439 3599 dignutus
453 3539 490 3592 es,
506 3520 604 3577 tribue
617 3519 718 3575 venire
731 3518 901 3595 gaudentes.
945 3518 1004 3576 Per
1018 3519 1189 3578 Dominum.

533 3680 634 3738 Fuere
658 3679 782 3736 Tnurrn

121 3763 257 3839 Officium.

120 3844 182 3903 Noe
195 3853 295 3903 eutem
308 3844 429 3922 gloriari
447 3848 563 3919 oportet
584 3843 615 3898 iu
635 3861 720 3899 curce
734 3840 859 3898 Domini
872 3841 967 3898 nostri
988 3841 1010 3900 J
1011 3862 1064 3900 esu
1078 3842 1210 3902 Christi:
1231 3842 1264 3901 in

74 3938 120 3995 quo
139 3935 183 3985 est
199 3925 285 3999 salus,
302 3927 372 3998 vite,
388 3931 419 3983 et
444 3923 617 3982 resurrectio
638 3934 757 3980 nostre:
783 3941 835 3999 per
857 3941 944 3998 quem
967 3923 1072 3982 selveti
1094 3932 1126 3982 et
1145 3924 1265 3983 liberati

74 4023 264 4147 willemo.

124 4170 201 4227 llens
220 4170 393 4227 misereatur
405 4167 507 4239 nostri,
524 4174 555 4224 et
568 4165 722 4224 benedicet
744 4165 845 4224 nobis:
875 4165 1026 4225 illuminet
1043 4167 1162 4224 vultum
1175 4187 1263 4228 suum

76 4260 147 4322 tuper
158 4270 220 4346 noe,
235 4256 267 4308 et
280 4251 452 4308 misereatur
464 4249 565 4306 nostri

124 4330 313 4490 grrpltppfflm
326 4413 503 4489 sempiterne
517 4410 606 4478 Deus,
621 4410 659 4468 de
672 4409 756 4468 nobis
773 4409 816 4468 ita
830 4410 994 4469 Dominicoe
1012 4410 1154 4487 passionis
1167 4432 1262 4472 sucro·

79 4500 160 4551 mente
171 4501 365 4573 peragerent
377 4493 592 4571 indulgentiam
605 4492 752 4569 percipere
766 4510 939 4550 mereamur.
975 4491 1034 4549 Per
1047 4493 1181 4553 eundem.
