2804 4920
494 349 501 359 .
582 300 716 386 Kysis.
1182 303 1256 368 xlm

52 466 193 544 Virginis
215 466 272 544 pin
293 466 447 537 Merin,0
468 469 546 526 alma
566 468 670 545 proles,
692 488 746 527 rex
766 488 877 546 regum,
891 469 1044 528 benedicte
1065 470 1258 548 Redemptor,

177 567 284 606 cruore
296 556 443 606 mercatus
456 550 574 626 proprio
587 550 691 607 mortis
704 569 742 607 ex
755 557 908 627 potestate,
923 571 1037 628 semper
1049 552 1175 629 eleyson.

52 629 264 704 Insignissime
290 630 429 706 ingenite,
454 630 480 687 Ο
503 631 613 706 genite,
637 630 751 707 origine
772 632 838 707 jam
864 652 969 709 expers
995 640 1026 708 et
1052 632 1119 706 fine,
1145 633 1257 691 virtute

178 709 326 768 excellens
340 710 447 783 omnis,
462 717 587 769 caterva
599 710 670 769 huic
682 720 743 769 tuae
756 712 882 770 clemens
895 713 1020 789 eleyson

52 789 286 867 Limpidissimse
311 791 411 868 gloriae
431 791 484 863 sol,
502 792 630 868 justitiae
653 793 773 865 arbiter,
791 812 891 852 omnes
911 800 1013 870 gentes
1032 794 1166 852 ‹listriete
1185 794 1257 853 (lum

174 872 300 948 jndices,
315 879 429 946 turmae,
445 873 555 930 obnixe
568 892 730 950 precamur,
745 893 825 931 nunc
838 875 949 932 ostenti
962 875 1091 933 clemens
1104 875 1230 951 eleyson

617 1111 689 1170 XV.

466 1235 581 1307 Krmn,
605 1234 675 1292 Rnx
696 1251 847 1293 mnenon.

54 1361 161 1438 Kyrie,
186 1380 241 1418 rex
263 1360 413 1418 immensa
436 1359 564 1438 pietatis,
589 1359 689 1419 leudes
713 1360 821 1417 exaudi
841 1360 1039 1419 famulantum
1060 1360 1168 1420 devote
1188 1363 1255 1433 tibi,

135 1441 263 1517 eleyson

55 1523 163 1600 Kys-ie,
178 1522 325 1580 universa
340 1528 482 1580 creaturae
502 1528 607 1599 potens
627 1528 747 1594 creetur,
767 1522 850 1579 nobis
871 1541 986 1600 semper
1004 1523 1077 1580 assis
1097 1528 1254 1599 protecter,

135 1603 163 1661 el
233 1622 262 1660 n

54 1622 233 1762 Kyriefffi
244 1683 395 1761 proprium
408 1684 445 1742 de
464 1683 542 1742 caelis
562 1683 671 1741 misisti
690 1683 795 1755 filium,
809 1690 845 1740 ut
858 1683 985 1741 salvaret
1004 1684 1148 1742 mundum
1162 1685 1256 1762 perdi-

136 1764 254 1837 tum‚el
322 1784 351 1822 ra

52 1845 188 1919 Christe,
208 1783 417 1922 mellwvirgine
441 1845 539 1903 Maria
562 1845 621 1902 viri
644 1845 707 1902 sine
730 1845 850 1918 semine,
877 1844 954 1923 (qui)
983 1845 1157 1904 Pneummis
1183 1847 1254 1904 almi

139 1927 299 2003 spiramine
312 1926 400 1984 homo
412 1925 507 1984 factus
520 1946 551 1984 es
564 1946 617 2002 pro
629 1925 757 1999 homine,
772 1927 898 2002 eleyson.

52 2007 185 2080 Christe,
201 2006 279 2086 (qui)
289 2008 374 2084 panis
387 2008 482 2083 specie
494 2008 527 2064 in
540 2026 612 2065 cena
624 2027 729 2084 eorpus
742 2015 828 2066 tuum
842 2007 968 2078 conficis,
982 2013 1014 2064 et
1026 2015 1172 2065 coenantes
1185 2008 1255 2066 inde

138 2088 245 2160 reficis,
254 2087 361 2166 pignus
374 2089 454 2165 plebi
465 2088 589 2165 perficis,
603 2088 729 2164 eleyson

53 2168 187 2241 Christe,
200 2169 287 2246 panis
307 2169 430 2241 caelicus,
445 2169 531 2227 famis
552 2169 694 2239 melliens,
708 2169 791 2226 cibus
811 2168 937 2246 typicus,
952 2169 1024 2227 onio
1043 2188 1130 2246 quem
1152 2169 1255 2226 laudat

141 2250 297 2329 angelicus,
310 2250 382 2308 assis
394 2251 480 2307 nobis
493 2250 711 2326 penitentibus,
724 2250 849 2326 eleyson.
916 2263 921 2277 ¹

56 2331 166 2408 Kyrie,
176 2332 230 2410 qni
243 2331 372 2389 mitteris
384 2351 403 2389 s
416 2330 505 2388 Patre
519 2337 550 2388 et
563 2330 644 2388 Nato
653 2331 812 2408 procedens
824 2331 862 2388 ab
875 2336 1010 2406 utroque,
1025 2331 1114 2388 unius
1127 2350 1195 2388 cum
1207 2330 1254 2388 his

139 2412 319 2484 substantia,
334 2412 489 2488 coequalis
502 2417 532 2469 et
546 2417 698 2482 coaeterne,
713 2411 839 2488 eleyson.

53 2492 164 2569 Kyrie,
189 2493 320 2571 Spiritus
343 2492 533 2565 sanctissime,
555 2493 632 2551 dona
655 2492 728 2550 dens
752 2491 930 2568 septiformis
953 2491 1064 2570 gmtioe,
1085 2493 1124 2550 ds
1146 2513 1200 2551 nos
1223 2499 1254 2551 te

136 2582 218 2633 recte
231 2573 362 2652 diligere,
376 2573 505 2632 solamen
519 2573 645 2631 dolentis
658 2574 773 2645 anima,
788 2573 915 2649 eleyson.

51 2655 162 2733 Kyrie,
182 2655 299 2732 spirans
322 2654 483 2712 multifarie
502 2655 620 2712 vatibus
643 2654 789 2730 loquenda
811 2653 982 2731 prophetice
999 2660 1110 2712 secreta
1128 2654 1254 2712 celestis

135 2735 239 2813 gloria
251 2742 307 2795 tus
318 2735 397 2794 (lons
408 2735 494 2793 nobis
507 2735 640 2805 infunde,
653 2736 779 2810 eleyson

605 2975 696 3035 XVI.

482 3098 657 3157 Peneum
678 3111 824 3154 curuare

1007 3043 1034 3083 ,Ι

52 3226 220 3284 Puerorum
233 3228 353 3281 caterva
364 3219 520 3298 jubilando
534 3239 605 3277 voce
618 3238 725 3276 sonore
736 3219 842 3276 offerat
855 3216 1001 3294 preconis.
1014 3215 1142 3288 Christe,
1157 3217 1210 3276 eia

53 3307 232 3365 Sanctorum
250 3305 284 3361 in
300 3302 411 3361 honore
429 3301 647 3371 Innocentium,
662 3319 788 3376 quorum
807 3298 896 3357 hodie
915 3297 1134 3357 concelebratur
1147 3297 1253 3357 devote

133 3385 245 3444 festum
257 3384 294 3442 <le
306 3389 409 3442 morte.

55 3466 193 3525 Paritete
205 3465 300 3524 animi
312 3464 456 3522 sestinsns
470 3482 519 3520 eos
532 3461 655 3534 imitari,
669 3480 757 3539 qnam
771 3467 843 3519 sunt
856 3459 943 3533 beati,
959 3460 1046 3518 corde
1059 3459 1157 3517 nitidi

55 3547 121 3608 11oe
134 3546 271 3606 Herodes
283 3546 361 3603 latro
374 3544 526 3622 pessimus,
540 3542 676 3600 frendens
692 3549 728 3600 ut
745 3542 799 3614 leo,
814 3540 968 3599 mandavit
990 3560 1090 3599 omues
1107 3540 1173 3598 dari
1192 3541 1252 3601 leto

55 3647 189 3789 Regupsli)
197 3646 328 3766 m
335 3626 420 3764 gilii)
432 3623 745 3782 ἲὲῗιιιέῐιιιῖῃέζοω,
759 3709 869 3761 matres
882 3703 955 3761 dant
968 3722 1055 3761 voees
1074 3702 1113 3760 ad
1132 3703 1251 3776 athera,

133 3789 273 3849 ferientes
287 3788 387 3847 tristis
398 3786 505 3865 pugnis
517 3792 642 3864 pectem

55 3870 175 3930 Timent
187 3871 252 3949 ejus
264 3876 333 3929 ortu
345 3874 501 3946 sceptrum,
516 3887 575 3944 quo
596 3872 735 3942 regnarat
747 3865 809 3936 diu,
824 3865 961 3924 amittere
981 3884 1049 3923 eum
1069 3863 1250 3942 principatu,

134 3953 219 4031 eujus
231 3950 347 4010 excolas
359 3969 450 4009 maun
462 3955 527 4007 erat
540 3948 669 4006 inflatus.

55 4032 153 4107 Nune,
169 4032 197 4092 0
212 4032 309 4109 Kyrie
324 4032 407 4108 juste
420 4037 452 4089 et
464 4049 517 4088 rex
530 4029 587 4107 pie,
601 4047 701 4087 servos
714 4032 851 4085 canentes
864 4026 985 4104 respice,
1000 4033 1031 4084 et
1052 4027 1157 4085 horum
1178 4046 1251 4103 ques

133 4112 394 4189 buriamseptem,
409 4111 494 4169 nobis
506 4111 608 4188 gmtiae
622 4115 682 4166 tun
695 4108 796 4165 lumen
810 4107 940 4166 infunde.

54 4194 122 4267 Quo
134 4194 213 4255 seles
222 4194 287 4273 poli
298 4192 511 4271 eomplaeentes
524 4192 581 4249 tibi
593 4209 661 4249 eum
674 4190 774 4247 fructu
781 4188 877 4266 operis
890 4189 961 4247 beni
973 4208 1139 4247 mereumur
1150 4186 1252 4246 seand-

133 4295 184 4335 πο
194 4274 274 4354 puri,
288 4274 325 4334 de
337 4273 431 4333 hostis
443 4271 615 4351 nequissimi
629 4270 713 4328 fauce
725 4271 820 4348 erepti
829 4289 839 4342 ;

53 4356 103 4416 Ibi
119 4376 190 4416 enm
204 4375 289 4416 sacro
304 4355 474 4433 angelorum
495 4353 583 4412 choro
603 4351 755 4410 laudemus
775 4358 807 4410 te
825 4350 913 4410 eorde
932 4356 997 4409 tote
1017 4350 1050 4407 in
1069 4348 1251 4407 laudstionis

128 4437 229 4517 jubilo
241 4443 275 4497 st
286 4437 368 4496 vocis
379 4435 512 4513 tripudio
524 4434 630 4506 fantes,
643 4430 769 4509 eleyson.
