2804 4920
106 332 169 393 248
574 328 670 395 Festa
690 327 823 394 linuit

105 495 171 553 tulo
190 495 393 555 beatissimum
413 495 605 554 confessorem
624 501 711 554 tunm
726 495 920 554 Benedictnm
940 495 1105 554 sublevasti
1124 494 1164 553 ad
1183 494 1287 563 celnn;

105 576 238 646 cencede,
263 596 439 653 quesumus,
464 576 526 634 hnc
553 576 629 634 festa
656 578 716 635 tuis
743 576 862 634 famulis
889 575 1108 635 celebrantibus
1134 582 1288 634 cunctorum

106 657 223 714 veniam
238 657 422 728 delictorum,
432 665 468 715 ut
482 657 533 734 qui
547 657 766 715 exsultantibus
779 658 888 715 animis
897 658 961 734 ejus
970 657 1102 716 claritati
1114 656 1286 734 congaudent,

107 738 170 814 ipse
185 738 410 811 interveniente,
424 740 502 816 apud
517 745 547 797 te
561 740 764 797 consocientur
777 754 809 796 et
821 740 943 797 meritis.
985 738 1052 796 Per.

170 818 311 894 Epistobc.
354 819 376 877 J
379 832 462 877 ustus
476 839 526 877 cor
538 839 633 879 sunm.

171 899 305 958 Grodnle.
350 900 486 973 Domine,
501 901 670 977 praevenisti
683 920 759 959 enm.

119 979 146 1038 V.
174 980 280 1039 Vnam
294 982 390 1058 periit

174 1062 306 1120 Proetum.
350 1063 544 1120 Desiderinm.

172 1142 215 1200 In
229 1153 351 1219 tempore
365 1144 511 1215 Posclmli,
526 1143 673 1219 Alleluya
725 1144 752 1202 V.
776 1144 867 1201 Posui
880 1143 1071 1220 adjutorium.

174 1224 342 1283 Secundum
362 1225 511 1299 Alleluyn,
526 1225 562 1282 de
576 1224 697 1282 Pascha.

173 1304 337 1381 Septimia,
353 1307 389 1363 de
404 1304 567 1366 Communi.

174 1386 375 1462 Eornpelinm
419 1387 516 1444 Nemo
530 1384 663 1443 accendit
677 1385 834 1444 lucernam.

175 1466 369 1542 Offirrtorinm
413 1467 542 1525 Veritas.

174 1552 296 1608 ›S'ecretm

175 1631 300 1700 Oblatis,
316 1629 453 1702 Domine,
468 1630 506 1686 eb
520 1629 661 1687 honorem
675 1630 753 1687 beati
767 1630 939 1688 confessoris
955 1629 1002 1686 tui
1026 1628 1179 1687 Benedicti
1198 1626 1286 1703 plocen

115 1712 294 1781 muneribus,
309 1718 340 1768 et
354 1711 445 1788 ipsius
459 1710 520 1767 tuis
533 1709 651 1768 famulis
663 1712 835 1769 interventu
852 1719 1026 1769 cunctorum
1045 1710 1145 1767 tribue
1163 1707 1286 1782 indulgen·

115 1797 189 1853 tiam
204 1804 398 1870 pcccatorum.
442 1790 507 1848 Per.

177 1873 359 1934 Communia.
402 1871 513 1930 Beatus
526 1890 636 1930 servus,

177 1952 419 2013 Postcommum'o.

177 2036 327 2112 Perceptis
351 2034 397 2092 tui
424 2033 552 2110 eorporis
576 2040 607 2091 et
628 2035 788 2112 sanguinis,
812 2035 949 2107 Domine,
971 2034 1169 2104 sacrementis,
1190 2027 1286 2088 concede

117 2118 211 2186 nobis,
226 2117 408 2192 supplicante
422 2115 508 2172 bruto
522 2114 684 2173 confessore
700 2123 753 2173 tuo
773 2116 933 2174 Benedicto
950 2116 995 2172 ita
1012 2114 1132 2186 muniri,
1146 2121 1180 2171 ut
1195 2119 1222 2169 et
1236 2117 1287 2166 nu-

117 2199 266 2277 pornlibus
279 2196 440 2254 commodis
453 2196 637 2254 abundemus
651 2203 681 2254 et
696 2196 853 2255 fulciamur
865 2198 991 2255 aeternis.
1034 2195 1101 2254 Per.

269 2458 307 2515 Iu
327 2456 592 2514 Arnrurmmoun
614 2470 720 2513 narra
742 2455 867 2513 Mamm
905 2454 979 2530 (viii.
997 2453 1068 2512 Kal.
1083 2453 1171 2530 Apr.)

182 2601 324 2660 Occium.
1000 2638 1003 2643 .

182 2601 293 2741 Ιίζιιιιο
317 2680 381 2737 cucli
401 2679 533 2753 desuper,
560 2684 590 2733 et
612 2679 705 2735 nubes
727 2678 833 2753 pluant
851 2679 988 2754 justum:
1017 2676 1168 2753 aperiatur
1189 2680 1253 2730 tenu
1268 2675 1289 2720 rt

121 2767 267 2844 germinet
280 2762 463 2820 salvatorem.

186 2846 328 2902 Psalmus.

183 2923 378 2993 Benedixisti,
394 2923 530 2992 Domine,
546 2927 656 2978 terram
670 2927 770 2978 tunm:
791 2922 927 2977 avertisti
940 2920 1146 2996 captivitatem
1159 2916 1246 2976 Jacob.

188 3008 288 3082 lipia,
306 3007 372 3062 Rex
386 3004 543 3077 virginum.

186 3089 294 3145 (butio.

184 3169 274 3237 Dens,
298 3168 350 3242 qni
377 3167 413 3223 ele
440 3167 533 3222 beatu
562 3165 666 3220 Maria»
695 3164 819 3238 virginis
847 3172 931 3221 utero
959 3164 1094 3220 Verbum
1115 3169 1197 3220 tuum
1215 3149 1291 3239 angele

124 3250 281 3306 nuntiante
302 3267 419 3304 curnem
451 3247 597 3321 suscipere
618 3245 748 3312 voluisti,
777 3254 884 3320 praesto
905 3245 1088 3320 supplicibus
1115 3245 1183 3311 tuis,
1208 3246 1236 3296 ut
1255 3248 1290 3307 qm

125 3351 193 3386 vere
207 3350 269 3385 erun
284 3330 462 3402 genetricem
474 3328 530 3383 Dei
551 3327 704 3385 eredimus.
720 3328 783 3399 ojus
801 3326 880 3401 apud
898 3333 928 3382 tc
945 3325 1201 3383 intercessionibus
1218 3317 1290 3391 edjssl'·

127 3430 218 3468 emur.
263 3409 321 3465 Per
335 3408 468 3465 eundem.

185 3490 325 3564 Epistol.
392 3489 568 3562 Egredietur
603 3487 694 3563 virga,
738 3489 849 3562 requiro
885 3489 917 3543 in
951 3487 1089 3545 Adventu
1126 3486 1209 3544 Ferie
1236 3482 1289 3535 prb

127 3573 274 3642 erarrrror
297 3572 478 3645 Temperatur.

189 3652 323 3709 Grudal„

187 3734 295 3790 Tollite
316 3738 423 3807 portos,
443 3732 598 3807 principem
617 3739 737 3802 vestus,
757 3739 787 3788 ot
807 3732 974 3803 elevamini,
993 3737 1087 3807 pcrtae
1107 3725 1256 3788 aetemnles:
1270 3727 1290 3766 ‘l
1327 3782 1329 3805 Ι

126 3815 264 3872 introibit
278 3834 330 3871 rex
344 3814 452 3888 glorius.

135 3899 161 3954 l'.
190 3897 263 3966 Quis
284 3895 421 3953 ascendet
439 3896 469 3950 in
494 3901 624 3951 montem
648 3894 787 3963 Domini;
813 3901 865 3950 unt
887 3893 954 3968 quis
976 3893 1069 3951 stabit
1089 3893 1122 3951 in
1144 3892 1202 3950 loco
1220 3882 1290 3942 Sssllil’

126 3980 209 4055 ejusl
251 3978 397 4034 Innocens
411 3976 555 4045 mnnibuS,
571 3982 601 4031 ct
615 3975 726 4031 mundo
740 3975 834 4032 eorde.

191 4061 322 4116 Tractus.

189 4144 256 4197 rivo
274 4139 378 4207 liaria,
393 4138 490 4212 gratia
503 4138 608 4213 plena:
631 4138 777 4193 Dominus
792 4144 898 4194 tecum.

135 4223 161 4279 V.
191 4221 352 4278 Benedicta
365 4227 398 4275 tn
415 4220 446 4274 in
461 4219 651 4274 mulieribus:
672 4229 704 4274 et
716 4219 887 4274 benedictus
900 4217 1015 4275 fructus
1028 4218 1142 4275 ventris
1154 4215 1204 4273 tui

133 4304 163 4360 V,
188 4303 262 4359 lleee
276 4303 429 4376 concipies»,
440 4308 471 4356 et
485 4300 581 4375 peries
597 4298 724 4355 Filium:
739 4307 769 4355 et
780 4300 934 4355 vocabitur
948 4318 1054 4356 nomen
1070 4301 1134 4376 ejus
1146 4275 1289 4355 Emortssuel

137 4385 162 4439 l'.
191 4382 352 4452 Quomodo,
379 4381 487 4456 inquit,
514 4382 566 4435 liet
590 4380 689 4436 istud:
727 4382 867 4455 quoniam
892 4381 989 4436 virum
1014 4399 1075 4437 non
1103 4389 1247 4456 cognoscet
1273 4368 1290 4413 0¹

130 4466 306 4538 respondens
326 4463 448 4538 angelus
468 4461 554 4518 dixit.
