2806 4920
147 965 566 1065 OOMMUNE
637 966 1161 1068 SANGTORUM.

496 1263 827 1273 ——.—.

486 1278 827 1288 ———-—-.

372 1481 411 1540 Iu
431 1481 554 1540 Narem
574 1497 669 1541 urnis
689 1479 940 1541 Evarosmsnm*

118 1584 273 1727 popm
290 1667 428 1726 meiere
445 1667 562 1745 apeme
575 1687 608 1725 ω
625 1667 697 1744 ojus,
711 1674 743 1725 e
755 1667 891 1745 implevit
904 1687 972 1727 eum
987 1669 1133 1729 Dominus
1146 1671 1252 1749 spiritu

54 1749 210 1828 sapientise
223 1757 254 1808 et
266 1748 451 1808 intellectus:
472 1749 550 1808 stola
561 1748 661 1827 gloriae
675 1748 775 1808 induit
787 1767 865 1810 eum.

118 1843 264 1902 Psalmus

117 1924 237 1983 Bonum
250 1931 296 1983 est
309 1923 443 1982 confiteri
457 1923 603 1981 Domino:
626 1929 657 1981 et
669 1923 794 2001 psallere
808 1923 922 1981 nomini
935 1928 997 1997 tuo,
1011 1924 1162 1983 altissime.

119 2017 145 2077 0
175 2018 262 2077 ciunt

118 2020 251 2176 oifijusti
268 2097 462 2156 meditabitur
478 2096 673 2173 sapientiam:
695 2102 726 2154 et
740 2096 843 2174 lingua
859 2098 924 2174 ejus
941 2097 1079 2177 loquetur
1087 2099 1254 2175 judicium:

55 2180 108 2240 lex
122 2179 182 2239 Dei
195 2182 259 2256 ejus
272 2179 305 2237 in
318 2179 405 2237 conlo
417 2177 518 2256 ipsius.

120 2272 265 2331 Psalmus.

119 2352 193 2412 Noli
206 2352 339 2411 emulari
348 2352 381 2411 in
391 2350 638 2430 malignantibus:
651 2369 748 2428 neque
757 2350 896 2411 zelaveris
906 2352 1046 2412 facientes
1056 2353 1254 2431 iniquitatem.

122 2444 263 2521 Officium.

120 2526 202 2585 Mihi
218 2533 318 2585 autem
335 2525 424 2583 nimis
440 2525 578 2583 honorati
591 2533 663 2583 sunt
676 2525 764 2583 amici
779 2526 835 2598 tui,
855 2525 951 2585 Deus:
967 2527 1058 2586 nimis
1072 2528 1256 2589 confortatus

56 2614 104 2668 est
117 2608 301 2685 principatus
314 2627 424 2665 eorum.

120 2701 266 2760 Poenus.

118 2782 257 2853 Domine,
280 2781 412 2857 probasti
435 2799 482 2838 me
505 2787 537 2838 et
560 2779 724 2858 cognovisti
748 2799 812 2838 me:
842 2786 877 2838 tu
904 2782 1067 2858 cognovisti
1094 2783 1253 2842 sessionem

57 2882 156 2923 meam
169 2869 201 2921 et
214 2862 456 2920 resurrectionem
470 2880 573 2920 meam

119 2954 263 3050 Epistola.
305 2955 401 3014 Lectio
416 2954 570 3013 Ezechielis
582 2952 733 3030 Prophetae
745 2955 786 3028 (i.
805 2955 920 3032 10-14).

120 3036 292 3096 Similitudo
317 3037 420 3094 vultus
443 3042 585 3112 quattuor
607 3035 781 3093 animalium
805 3055 895 3108 nsque
915 3035 957 3093 od
976 3036 1009 3093 in
1029 3036 1255 3096 similitudinem

57 3118 188 3196 fulguris
202 3118 389 3176 comacentis.

123 3209 259 3270 macae.

121 3291 293 3352 Constitues
302 3310 352 3349 eos
362 3289 509 3367 principes
519 3309 608 3368 super
615 3309 732 3347 omnem
742 3295 866 3348 terrem:
880 3309 1023 3349 memores
1032 3298 1121 3350 erunt
1128 3292 1257 3351 nominis

58 3374 106 3433 tu'
132 3373 269 3432 Domine.

63 3394 183 3514 1⁷.me
195 3453 331 3531 patribus
344 3452 405 3511 tuis
417 3451 484 3510 nati
496 3457 567 3509 eunt
584 3451 640 3509 tibi
654 3450 726 3509 filii:
746 3458 902 3529 propterea
917 3452 1021 3530 populi
1038 3454 1259 3513 confitebuntur

59 3536 126 3596 tibi

123 3614 259 3676 Grrulclc.

121 3697 235 3756 Beatus
248 3696 304 3768 vir,
318 3695 370 3772 qui
383 3695 470 3753 timet
484 3693 665 3752 Dominum:
685 3693 717 3751 in
731 3694 879 3752 mandatis
891 3695 955 3771 ejus
968 3695 1051 3772 cupit
1064 3695 1160 3753 nimis.

65 3778 96 3838 1⁷.
123 3777 235 3836 Potens
248 3777 281 3835 in
294 3784 375 3834 terra
387 3778 445 3833 erit
457 3794 557 3832 semen
570 3775 651 3849 ejus:
671 3776 823 3851 generatio
836 3784 984 3833 rectorum
999 3777 1194 3834 benedicetur.

121 3858 272 3934 Alleluya
321 3857 350 3914 V.
373 3856 493 3914 Primus
513 3855 551 3914 ad
571 3856 644 3914 Sion
663 3855 759 3928 dicet;
781 3856 865 3927 Ecce,
879 3876 996 3915 assum:
1016 3864 1048 3914 et
1068 3856 1258 3916 Hierusalem

61 3939 275 4097 &⁸131ng
295 3938 447 4076 di'iolion
456 4037 509 4075 vos
522 4037 570 4075 me
583 4016 729 4094 elegistis:
750 4017 801 4076 scd
818 4037 871 4095 ego
884 4036 937 4075 vos
950 4016 1033 4096 elegi,
1048 4026 1079 4076 et
1096 4018 1181 4096 posui
1194 4037 1255 4091 voe,

61 4110 98 4162 ut
110 4102 195 4173 eatis,
211 4108 242 4160 et
254 4101 386 4158 fructum
398 4098 537 4171 efferatis,
552 4105 583 4156 et
596 4098 712 4157 fructus
725 4105 823 4157 vester
836 4105 962 4158 maneat.

121 4271 134 4293 '
150 4268 264 4315 tle-ln
277 4266 361 4312 lt‘ctoli
377 4264 444 4311 acrias
457 4263 609 4326 Evangelista:
626 4265 703 4310 omnio
720 4270 745 4310 al
764 4265 788 4312 iu
803 4265 874 4312 l'estis
892 4279 969 4312 eorum
986 4280 1036 4312 cum
1049 4265 1177 4326 mquam,
1192 4265 1262 4313 Laus

62 4332 344 4435 ‹leso'tlphpappgorppntriwn
359 4383 484 4440 defective,
494 4383 541 4429 and
556 4382 599 4427 hos
615 4382 717 4440 nothing
727 4382 752 4428 ol
767 4384 806 4429 llio
823 4383 962 4441 Commune,
971 4388 1056 4445 except
1071 4398 1136 4431 some
1152 4383 1260 4446 Epistles

60 4449 109 4496 ansl
120 4447 224 4508 Gospcls
233 4445 282 4492 and
292 4445 331 4492 the
343 4449 391 4491 two
401 4444 538 4502 Sequences
547 4441 585 4487 lor
596 4441 636 4487 tha
650 4445 664 4470 ⁶‘
673 4443 804 4488 Commune
815 4441 964 4502 Vuginum.”
