2804 4920
321 336 369 400 Iu
392 335 517 401 Natali
534 334 772 421 plurimorum
796 335 1035 421 Conse-ssereret.
1215 324 1280 402 39³

344 563 384 622 Is
404 564 528 623 Nurum
549 580 754 622 erumnosus
776 563 1009 624 Conrnssoauu.

138 659 280 734 Officium

137 740 322 817 Sapientiam
350 748 520 800 sanctorum
552 748 675 801 narrent
696 742 807 818 populi,
831 750 862 801 et
890 743 1007 801 laudem
1034 763 1136 801 corum
1159 742 1279 800 nuntiet

82 820 228 881 Ecclesia:
250 823 372 881 uomina
384 830 484 881 autem
505 843 608 882 comm
622 825 772 881 vicentin
786 823 925 882 saeculum
940 824 1048 882 soeculi.

135 901 283 963 Peclmua
327 904 485 962 Exsultate
493 906 571 981 justi
583 906 616 962 in
630 905 780 964 Domino:
801 912 896 962 rectos
909 905 993 963 decet
1006 905 1193 963 collaudatio,

138 983 280 1058 Officium.

136 1063 308 1124 Sacerdotes
335 1065 401 1137 Dei,
429 1066 592 1125 benedicite
620 1066 801 1124 Dominum:
832 1074 863 1123 et
889 1066 1016 1123 humiles
1043 1067 1138 1136 corde,
1162 1066 1281 1124 laudate
1390 1128 1392 1132 ,

82 1143 182 1203 Deum.

135 1226 281 1286 Psalmus.

135 1307 315 1381 Benedicite,
330 1310 430 1367 omnia
447 1329 536 1386 opera
553 1309 686 1379 Domini,
702 1309 851 1368 Domino:
872 1309 999 1381 laudate,
1016 1315 1047 1367 et
1059 1308 1278 1386 superexaltate

82 1390 186 1446 eumin
201 1390 316 1448 saecula

136 1469 278 1545 Officium.

82 1609 104 1685 b,
135 1550 305 1610 Sacerdotes
319 1552 382 1629 ejus
395 1551 523 1610 induant
536 1553 665 1611 salutare
679 1575 685 1610 :
706 1559 736 1610 et
750 1552 845 1610 sancti
858 1553 922 1629 ejus
935 1552 1133 1611 exsultatione
1153 1551 1280 1609 exsulta-

98 1637 159 1688 unt.

135 1712 280 1772 Fecimus.
324 1714 487 1786 Memento,
502 1714 641 1786 Domine,
656 1713 774 1772 David:
798 1721 829 1771 et
842 1714 938 1772 omnis
951 1713 1189 1772 mansuetudinis
1202 1715 1273 1790 ejus.

138 1793 247 1853 Oratio.
538 1845 541 1850 .

134 1875 225 1947 Deus,
241 1876 294 1953 qui
306 1896 360 1935 nos
374 1882 543 1934 sanctorum
557 1876 755 1935 confessorum
771 1884 890 1933 tuorum
901 1875 940 1935 N.
954 1883 985 1933 et
996 1875 1034 1934 N.
1045 1876 1277 1933 confessionibus

85 1952 208 2026 gloriosis
226 1958 390 2015 circumdas
407 1965 439 2015 et
456 1960 604 2035 protegis;
624 1958 663 2016 da
681 1959 765 2016 nobis
783 1964 815 2015 et
835 1978 936 2015 eorum
955 1957 1123 2014 imitatione
1140 1959 1279 2034 prolicere

84 2041 113 2090 et
122 2034 328 2096 intercessione
340 2038 475 2116 gaudere.
519 2040 578 2098 Per
591 2040 756 2097 Dominum
770 2048 912 2097 nostrum.

135 2118 184 2176 Ad
197 2120 334 2178 Hebroeoe
347 2120 414 2196 (vii.
431 2120 554 2195 23-27).

135 2198 271 2258 Fratres:
292 2200 398 2259 Plures
411 2201 483 2258 iacti
496 2208 568 2259 sunt
581 2202 746 2260 sacerdotes
759 2201 921 2259 secundum
935 2201 1029 2276 legem
1042 2218 1134 2275 usque
1146 2201 1188 2257 ad
1209 2199 1277 2257 Hoc

84 2277 152 2336 enim
166 2282 235 2339 iecit
249 2282 340 2340 semel
353 2303 384 2341 se
397 2284 545 2341 cll'erendo
560 2283 707 2341 Dominus
721 2289 822 2340 noster
834 2282 855 2339 J
857 2302 924 2339 esus
938 2283 1084 2341 Christus.

136 2360 271 2421 Gradale.

111 2440 304 2575 ¹Siscerdotes
330 2447 394 2521 ejus
421 2444 543 2502 induam
570 2445 712 2503 salutari:
747 2451 779 2502 et
805 2444 900 2502 sanct-i
920 2445 984 2520 ejus
1005 2444 1204 2502 exsultatione
1225 2463 1275 2502 ex·

82 2531 110 2572 ⁸¹1
122 2523 235 2583 tabunt.

82 2592 107 2653 V·
136 2602 212 2743 IGlluc
225 2608 384 2683 perducam
398 2626 489 2665 cornu
503 2606 620 2665 David:
642 2607 744 2684 paravi
758 2606 909 2664 lucernum
923 2605 1042 2663 Christo
1057 2624 1130 2663 meo.

136 2764 339 2827 Exsultabunt
352 2770 448 2827 sancti
462 2770 493 2826 in
507 2768 620 2845 gloria:
642 2769 823 2826 laettbuntur
836 2769 869 2825 iu
883 2767 1030 2824 cubilibus
1044 2766 1113 2823 suis.

82 2832 105 2897 V·
134 2845 259 2907 (lentate
273 2850 405 2909 Domino
418 2851 566 2909 canticum
580 2870 709 2908 novum:
730 2850 793 2908 laus
807 2851 872 2926 ejus
885 2850 916 2905 in
932 2847 1062 2906 Ecclesia
1076 2853 1253 2904 sanctorum.

87 2996 96 3008 ·
134 2928 282 3007 Alleluya.
332 2933 360 2990 l'.
385 2933 555 3008 Fulgebunt
564 2932 658 3007 justi:
678 2938 710 2989 et
726 2940 868 3008 tunquam
888 2929 1025 2988 scintilla
1046 2929 1077 2985 in
1096 2928 1274 2985 arundineto

84 3015 246 3070 ¹⁸current.

136 3089 268 3151 Tractus.
311 3092 371 3162 Qui
384 3094 540 3152 seminant.

135 3170 301 3232 Secundum
313 3175 427 3233 Intrare
440 3176 510 3246 (xii.
527 3176 643 3252 35-40).

82 3322 87 3335 Ι
136 3252 174 3311 In
185 3254 239 3313 illo
252 3261 393 3332 tempore,
409 3257 498 3314 Dixit
515 3257 536 3314 J
539 3276 604 3313 esus
621 3255 773 3331 discipulis
790 3254 871 3327 suis3
893 3253 961 3311 Sint
979 3252 1074 3309 lmnbi
1087 3251 1181 3309 vestri
1201 3270 1272 3328 pra·

82 3335 163 3392 'neti
174 3355 266 3412 aeque
278 3338 320 3395 ad
333 3339 404 3414 quia
417 3358 476 3414 qua
490 3338 562 3395 horu
575 3357 635 3395 non
650 3337 773 3413 putatis,
788 3335 884 3392 Filius
897 3334 1025 3392 hominis
1040 3333 1147 3391 reniet.

136 3415 326 3491 Offertorium.

82 3565 86 3576 ,
134 3496 334 3557 Exsultabunt
354 3501 449 3557 sancti
461 3500 494 3557 in
507 3499 608 3576 gloria,
624 3498 805 3556 letabuntur
825 3498 856 3553 in
877 3496 1024 3554 cubilibus
1043 3495 1121 3553 suis:
1143 3495 1272 3553 exsulta-

82 3584 168 3638 ¹0nes
181 3579 240 3638 Dei
253 3580 286 3637 in
299 3580 433 3638 faucibus
446 3600 555 3638 eorum,

134 3661 253 3720 Semia-

134 3741 261 3819 Suscipe,
283 3742 420 3814 Domine,
442 3762 542 3819 preces
565 3748 596 3798 et
618 3760 760 3814 munere-3
784 3760 850 3817 quas
874 3747 910 3796 ut
933 3749 985 3796 tuo
1008 3739 1096 3816 digna
1119 3738 1181 3794 sint
1204 3756 1269 3793 con·

82 3824 193 3916 ilectui,
207 3830 377 3881 sanctorum
398 3824 596 3881 confessorum
620 3830 739 3879 tuorum
762 3822 801 3879 N.
822 3828 853 3878 et
869 3821 909 3878 N.
931 3821 1065 3897 piscibus
1086 3818 1267 3894 adjuvemur.

89 3913 138 3961 er.

134 3983 314 4046 Communia.

132 4064 289 4125 tuscorum
302 4066 409 4125 animae
423 4065 454 4123 in
468 4085 558 4124 manu
573 4065 631 4123 Dei
645 4071 715 4123 sunt
729 4087 736 4123 :
758 4071 788 4122 et
801 4084 862 4121 non
876 4069 979 4139 tanget
999 4061 1066 4119 illos
1086 4065 1267 4118 tormentum

82 4144 211 4207 *alium
234 4147 376 4207 visisunt
389 4147 482 4205 oculis
496 4147 701 4224 insipientium
715 4147 808 4203 mori:
830 4145 875 4202 illi
889 4151 989 4201 autem
1003 4149 1074 4199 sunt
1088 4142 1120 4198 iu
1134 4160 1211 4217 pace.

132 4228 373 4289 Postcommunio.

133 4308 269 4388 Corporis
294 4310 371 4368 sacri
397 4316 429 4368 et
451 4309 574 4386 pretiosi
603 4309 755 4381 sanguinis
782 4307 888 4383 repleti
915 4304 1065 4375 libamine,
1091 4322 1267 4380 quaesumus,

82 4376 199 4450 lomim
216 4390 300 4449 Deua
316 4397 425 4460 noster,
440 4399 475 4448 ut
492 4390 571 4467 quod
585 4389 634 4466 pia
647 4390 804 4447 devotione
817 4388 954 4463 gerimus,
969 4392 1051 4443 certa
1068 4384 1270 4461 redemptione

82 4471 227 4540 ¹1>iamue
270 4472 330 4531 Per
343 4471 515 4530 Dominum.
