<?xml version="1.0" encoding="UTF-8"?>
<!DOCTYPE html PUBLIC "-//W3C//DTD XHTML 1.0 Transitional//EN"
    "http://www.w3.org/TR/xhtml1/DTD/xhtml1-transitional.dtd">
<html xmlns="http://www.w3.org/1999/xhtml" xml:lang="en" lang="en">
 <head>
  <title>
</title>
<meta http-equiv="Content-Type" content="text/html;charset=utf-8" />
  <meta name='ocr-system' content='tesseract 3.04.00' />
  <meta name='ocr-capabilities' content='ocr_page ocr_carea ocr_par ocr_line ocrx_word'/>
</head>
<body>
  <div class='ocr_page' id='page_1' title='image "./missaleadusumpe00churgoog_0348.png"; bbox 0 0 2804 4920; ppageno 0'>
   <div class='ocr_carea' id='block_1_1' title="bbox 418 294 1267 422">
    <p class='ocr_par' dir='ltr' id='par_1_1' title="bbox 418 294 1267 422">
     <span class='ocr_line' id='line_1_1' title="bbox 418 294 1267 422; baseline -0.002 -21"><span class='ocrx_word' id='word_1_1' title='bbox 418 336 516 403; x_wconf 79' lang='lat' dir='ltr'>Festo</span> <span class='ocrx_word' id='word_1_2' title='bbox 537 334 695 422; x_wconf 60' lang='lat' dir='ltr'>Augusti.</span> <span class='ocrx_word' id='word_1_3' title='bbox 1097 335 1160 400; x_wconf 77' lang='lat'>293</span> <span class='ocrx_word' id='word_1_4' title='bbox 1265 294 1267 299; x_wconf 23' lang='grc' dir='ltr'>Ι</span> 
     </span>
    </p>
   </div>
   <div class='ocr_carea' id='block_1_2' title="bbox 72 501 1159 724">
    <p class='ocr_par' dir='ltr' id='par_1_2' title="bbox 72 501 1159 724">
     <span class='ocr_line' id='line_1_2' title="bbox 72 501 1158 581; baseline -0.002 -22"><span class='ocrx_word' id='word_1_5' title='bbox 72 522 105 560; x_wconf 90' lang='lat' dir='ltr'>m</span> <span class='ocrx_word' id='word_1_6' title='bbox 126 522 234 561; x_wconf 89' lang='lat' dir='ltr'>munus</span> <span class='ocrx_word' id='word_1_7' title='bbox 254 503 357 581; x_wconf 77' lang='lat' dir='ltr'>grutioe</span> <span class='ocrx_word' id='word_1_8' title='bbox 377 502 548 577; x_wconf 73' lang='lat' dir='ltr'>contulisti,</span> <span class='ocrx_word' id='word_1_9' title='bbox 573 503 612 560; x_wconf 88' lang='lat' dir='ltr'>da</span> <span class='ocrx_word' id='word_1_10' title='bbox 631 501 751 560; x_wconf 84' lang='lat' dir='ltr'>famulis</span> <span class='ocrx_word' id='word_1_11' title='bbox 770 501 832 560; x_wconf 89' lang='lat' dir='ltr'>tuis</span> <span class='ocrx_word' id='word_1_12' title='bbox 853 506 1022 559; x_wconf 89' lang='lat' dir='ltr'>nostrorum</span> <span class='ocrx_word' id='word_1_13' title='bbox 1040 501 1158 557; x_wconf 83' lang='lat' dir='ltr'>venium</span> 
     </span>
     <span class='ocr_line' id='line_1_3' title="bbox 72 581 1159 657; baseline -0.004 -16"><span class='ocrx_word' id='word_1_14' title='bbox 72 604 140 657; x_wconf 75' lang='lat' dir='ltr'>um,</span> <span class='ocrx_word' id='word_1_15' title='bbox 160 595 197 643; x_wconf 91' lang='lat' dir='ltr'>ut</span> <span class='ocrx_word' id='word_1_16' title='bbox 217 591 384 642; x_wconf 76' lang='lat' dir='ltr'>sanctorum</span> <span class='ocrx_word' id='word_1_17' title='bbox 406 591 526 642; x_wconf 86' lang='lat' dir='ltr'>tuorum</span> <span class='ocrx_word' id='word_1_18' title='bbox 550 583 801 643; x_wconf 77' lang='lat' dir='ltr'>intercedentibus</span> <span class='ocrx_word' id='word_1_19' title='bbox 823 582 947 656; x_wconf 90' lang='lat' dir='ltr'>meritis,</span> <span class='ocrx_word' id='word_1_20' title='bbox 964 582 1003 639; x_wconf 83' lang='lat' dir='ltr'>ab</span> <span class='ocrx_word' id='word_1_21' title='bbox 1023 581 1159 639; x_wconf 88' lang='lat' dir='ltr'>omnibus</span> 
     </span>
     <span class='ocr_line' id='line_1_4' title="bbox 72 665 793 724; baseline 0.004 -3"><span class='ocrx_word' id='word_1_22' title='bbox 72 685 122 723; x_wconf 79' lang='lat' dir='ltr'>rur</span> <span class='ocrx_word' id='word_1_23' title='bbox 133 665 362 723; x_wconf 77' lang='lat' dir='ltr'>adversitatibus</span> <span class='ocrx_word' id='word_1_24' title='bbox 376 665 503 723; x_wconf 85' lang='lat' dir='ltr'>liberari.</span> <span class='ocrx_word' id='word_1_25' title='bbox 547 665 605 723; x_wconf 89' lang='lat' dir='ltr'>Per</span> <span class='ocrx_word' id='word_1_26' title='bbox 622 665 793 724; x_wconf 89' lang='lat' dir='ltr'>Dominum.</span> 
     </span>
    </p>
   </div>
   <div class='ocr_carea' id='block_1_3' title="bbox 72 757 479 835">
    <p class='ocr_par' dir='ltr' id='par_1_3' title="bbox 72 757 479 835">
     <span class='ocr_line' id='line_1_5' title="bbox 72 757 479 835; baseline 0 -20"><span class='ocrx_word' id='word_1_27' title='bbox 72 757 158 816; x_wconf 80' lang='lat' dir='ltr'>istola.</span> <span class='ocrx_word' id='word_1_28' title='bbox 202 758 304 816; x_wconf 77' lang='lat' dir='ltr'><strong>Sancti</strong></span> <span class='ocrx_word' id='word_1_29' title='bbox 318 757 479 835; x_wconf 87' lang='lat' dir='ltr'>perfidem.</span> 
     </span>
    </p>
   </div>
   <div class='ocr_carea' id='block_1_4' title="bbox 72 837 1036 1005">
    <p class='ocr_par' dir='ltr' id='par_1_4' title="bbox 72 837 1036 1005">
     <span class='ocr_line' id='line_1_6' title="bbox 72 837 354 900; baseline 0.004 -5"><span class='ocrx_word' id='word_1_30' title='bbox 72 839 152 896; x_wconf 73' lang='lat' dir='ltr'>siole.</span> <span class='ocrx_word' id='word_1_31' title='bbox 195 837 354 900; x_wconf 79' lang='lat' dir='ltr'>Gloriosus.</span> 
     </span>
     <span class='ocr_line' id='line_1_7' title="bbox 72 917 1036 1005; baseline -0.003 -28"><span class='ocrx_word' id='word_1_32' title='bbox 72 919 164 996; x_wconf 85' lang='lat' dir='ltr'>eluya.</span> <span class='ocrx_word' id='word_1_33' title='bbox 214 920 243 978; x_wconf 85' lang='lat' dir='ltr'>V.</span> <span class='ocrx_word' id='word_1_34' title='bbox 266 919 414 977; x_wconf 88' lang='lat' dir='ltr'>Mirabilis</span> <span class='ocrx_word' id='word_1_35' title='bbox 429 920 576 977; x_wconf 81' lang='lat' dir='ltr'>Dominus</span> <span class='ocrx_word' id='word_1_36' title='bbox 589 926 691 977; x_wconf 87' lang='lat' dir='ltr'>noster</span> <span class='ocrx_word' id='word_1_37' title='bbox 704 918 735 975; x_wconf 92' lang='lat' dir='ltr'>in</span> <span class='ocrx_word' id='word_1_38' title='bbox 750 917 859 975; x_wconf 85' lang='lat' dir='ltr'>sanctis</span> <span class='ocrx_word' id='word_1_39' title='bbox 873 917 942 975; x_wconf 86' lang='lat' dir='ltr'>suis.</span> <span class='ocrx_word' id='word_1_40' title='bbox 1034 999 1036 1005; x_wconf 28' lang='grc' dir='ltr'>Ι</span> 
     </span>
    </p>
   </div>
   <div class='ocr_carea' id='block_1_5' title="bbox 72 1012 1152 1476">
    <p class='ocr_par' dir='ltr' id='par_1_5' title="bbox 72 1012 601 1088">
     <span class='ocr_line' id='line_1_8' title="bbox 72 1012 601 1088; baseline 0.002 -19"><span class='ocrx_word' id='word_1_41' title='bbox 72 1012 217 1088; x_wconf 69' lang='lat' dir='ltr'>repeliunt.</span> <span class='ocrx_word' id='word_1_42' title='bbox 259 1013 375 1071; x_wconf 77' lang='lat' dir='ltr'>Videris</span> <span class='ocrx_word' id='word_1_43' title='bbox 387 1012 409 1071; x_wconf 92' lang='lat' dir='ltr'><strong>J</strong></span> <span class='ocrx_word' id='word_1_44' title='bbox 410 1032 477 1070; x_wconf 89' lang='lat' dir='ltr'>esus</span> <span class='ocrx_word' id='word_1_45' title='bbox 490 1014 601 1070; x_wconf 85' lang='lat' dir='ltr'>turbas.</span> 
     </span>
    </p>

    <p class='ocr_par' dir='ltr' id='par_1_6' title="bbox 72 1094 407 1152">
     <span class='ocr_line' id='line_1_9' title="bbox 72 1094 407 1152; baseline 0.003 -2"><span class='ocrx_word' id='word_1_46' title='bbox 72 1095 208 1152; x_wconf 69' lang='lat' dir='ltr'>utorium.</span> <span class='ocrx_word' id='word_1_47' title='bbox 253 1094 407 1151; x_wconf 87' lang='lat' dir='ltr'>Mirabilis.</span> 
     </span>
    </p>

    <p class='ocr_par' dir='ltr' id='par_1_7' title="bbox 72 1184 134 1233">
     <span class='ocr_line' id='line_1_10' title="bbox 72 1184 134 1233; baseline 0.016 -1"><span class='ocrx_word' id='word_1_48' title='bbox 72 1184 134 1233; x_wconf 63' lang='lat' dir='ltr'>reta.</span> 
     </span>
    </p>

    <p class='ocr_par' dir='ltr' id='par_1_8' title="bbox 72 1254 1152 1476">
     <span class='ocr_line' id='line_1_11' title="bbox 72 1254 1152 1332; baseline -0.004 -19"><span class='ocrx_word' id='word_1_49' title='bbox 72 1256 124 1313; x_wconf 76' lang='lat' dir='ltr'>etia</span> <span class='ocrx_word' id='word_1_50' title='bbox 157 1255 227 1326; x_wconf 83' lang='lat' dir='ltr'>haeo,</span> <span class='ocrx_word' id='word_1_51' title='bbox 256 1275 432 1332; x_wconf 76' lang='lat' dir='ltr'>quaesumus,</span> <span class='ocrx_word' id='word_1_52' title='bbox 469 1255 607 1328; x_wconf 87' lang='lat' dir='ltr'>Domine,</span> <span class='ocrx_word' id='word_1_53' title='bbox 639 1273 729 1331; x_wconf 88' lang='lat' dir='ltr'>quam</span> <span class='ocrx_word' id='word_1_54' title='bbox 763 1254 795 1311; x_wconf 92' lang='lat' dir='ltr'>in</span> <span class='ocrx_word' id='word_1_55' title='bbox 828 1259 996 1311; x_wconf 87' lang='lat' dir='ltr'>sanctorum</span> <span class='ocrx_word' id='word_1_56' title='bbox 1031 1258 1152 1310; x_wconf 90' lang='lat' dir='ltr'>tuorum</span> 
     </span>
     <span class='ocr_line' id='line_1_12' title="bbox 72 1333 1152 1411; baseline -0.003 -17"><span class='ocrx_word' id='word_1_57' title='bbox 72 1337 96 1394; x_wconf 90' lang='lat' dir='ltr'>is</span> <span class='ocrx_word' id='word_1_58' title='bbox 110 1343 293 1394; x_wconf 85' lang='lat' dir='ltr'>recensentes</span> <span class='ocrx_word' id='word_1_59' title='bbox 307 1338 465 1407; x_wconf 86' lang='lat' dir='ltr'>offerimus,</span> <span class='ocrx_word' id='word_1_60' title='bbox 481 1343 512 1394; x_wconf 89' lang='lat' dir='ltr'>et</span> <span class='ocrx_word' id='word_1_61' title='bbox 525 1336 645 1394; x_wconf 79' lang='lat' dir='ltr'>vinculo</span> <span class='ocrx_word' id='word_1_62' title='bbox 660 1342 769 1392; x_wconf 62' lang='lat' dir='ltr'>nostrie</span> <span class='ocrx_word' id='word_1_63' title='bbox 789 1334 946 1411; x_wconf 84' lang='lat' dir='ltr'>pravitatis</span> <span class='ocrx_word' id='word_1_64' title='bbox 965 1333 1100 1392; x_wconf 83' lang='lat' dir='ltr'>absolvat</span> <span class='ocrx_word' id='word_1_65' title='bbox 1121 1342 1152 1391; x_wconf 88' lang='lat' dir='ltr'>ot</span> 
     </span>
     <span class='ocr_line' id='line_1_13' title="bbox 72 1415 866 1476; baseline -0.001 -2"><span class='ocrx_word' id='word_1_66' title='bbox 72 1418 110 1474; x_wconf 80' lang='lat' dir='ltr'>sis</span> <span class='ocrx_word' id='word_1_67' title='bbox 123 1418 330 1476; x_wconf 78' lang='lat' dir='ltr'>misericordise</span> <span class='ocrx_word' id='word_1_68' title='bbox 344 1418 422 1475; x_wconf 87' lang='lat' dir='ltr'>done</span> <span class='ocrx_word' id='word_1_69' title='bbox 435 1417 579 1476; x_wconf 87' lang='lat' dir='ltr'>conciliet.</span> <span class='ocrx_word' id='word_1_70' title='bbox 623 1417 682 1474; x_wconf 87' lang='lat' dir='ltr'>Per</span> <span class='ocrx_word' id='word_1_71' title='bbox 695 1415 866 1474; x_wconf 91' lang='lat' dir='ltr'>Dominum.</span> 
     </span>
    </p>
   </div>
   <div class='ocr_carea' id='block_1_6' title="bbox 74 1511 523 1570">
    <p class='ocr_par' dir='ltr' id='par_1_9' title="bbox 74 1511 523 1570">
     <span class='ocr_line' id='line_1_14' title="bbox 74 1511 523 1570; baseline 0.002 -4"><span class='ocrx_word' id='word_1_72' title='bbox 74 1511 194 1568; x_wconf 75' lang='grc' dir='ltr'>ηηιιιιίο.</span> <span class='ocrx_word' id='word_1_73' title='bbox 237 1512 396 1570; x_wconf 87' lang='lat' dir='ltr'>Justorum</span> <span class='ocrx_word' id='word_1_74' title='bbox 409 1511 523 1568; x_wconf 70' lang='lat' dir='ltr'>animae.</span> 
     </span>
    </p>
   </div>
   <div class='ocr_carea' id='block_1_7' title="bbox 72 1605 1149 1842">
    <p class='ocr_par' dir='ltr' id='par_1_10' title="bbox 72 1605 1149 1842">
     <span class='ocr_line' id='line_1_15' title="bbox 72 1605 253 1662; baseline 0.011 -2"><span class='ocrx_word' id='word_1_75' title='bbox 72 1605 253 1662; x_wconf 76' lang='lat' dir='ltr'>tcommmrio.</span> 
     </span>
     <span class='ocr_line' id='line_1_16' title="bbox 80 1681 1149 1761; baseline -0.004 -19"><span class='ocrx_word' id='word_1_76' title='bbox 80 1685 179 1761; x_wconf 84' lang='lat' dir='ltr'>hujus,</span> <span class='ocrx_word' id='word_1_77' title='bbox 195 1685 332 1756; x_wconf 89' lang='lat' dir='ltr'>Domine,</span> <span class='ocrx_word' id='word_1_78' title='bbox 347 1684 548 1761; x_wconf 73' lang='lat' dir='ltr'>operationem</span> <span class='ocrx_word' id='word_1_79' title='bbox 567 1683 702 1759; x_wconf 76' lang='lat' dir='ltr'>mysterii</span> <span class='ocrx_word' id='word_1_80' title='bbox 720 1689 750 1740; x_wconf 89' lang='lat' dir='ltr'>ct</span> <span class='ocrx_word' id='word_1_81' title='bbox 763 1681 840 1738; x_wconf 82' lang='lat' dir='ltr'>vitia</span> <span class='ocrx_word' id='word_1_82' title='bbox 857 1687 958 1739; x_wconf 78' lang='lat' dir='ltr'>nostra</span> <span class='ocrx_word' id='word_1_83' title='bbox 976 1688 1149 1758; x_wconf 81' lang='lat' dir='ltr'>purgentur,</span> 
     </span>
     <span class='ocr_line' id='line_1_17' title="bbox 72 1762 1037 1842; baseline -0.004 -18"><span class='ocrx_word' id='word_1_84' title='bbox 72 1766 244 1824; x_wconf 80' lang='lat' dir='ltr'>cedentibus</span> <span class='ocrx_word' id='word_1_85' title='bbox 257 1767 366 1824; x_wconf 82' lang='lat' dir='ltr'>sanctis</span> <span class='ocrx_word' id='word_1_86' title='bbox 380 1766 449 1838; x_wconf 79' lang='lat' dir='ltr'>tuis,</span> <span class='ocrx_word' id='word_1_87' title='bbox 460 1766 545 1842; x_wconf 83' lang='lat' dir='ltr'>justa</span> <span class='ocrx_word' id='word_1_88' title='bbox 558 1765 703 1822; x_wconf 84' lang='lat' dir='ltr'>desideria</span> <span class='ocrx_word' id='word_1_89' title='bbox 716 1763 928 1840; x_wconf 81' lang='lat' dir='ltr'>compleantur.</span> <span class='ocrx_word' id='word_1_90' title='bbox 972 1762 1037 1820; x_wconf 89' lang='lat' dir='ltr'>Per.</span> 
     </span>
    </p>
   </div>
   <div class='ocr_carea' id='block_1_8' title="bbox 72 1979 1083 2058">
    <p class='ocr_par' dir='ltr' id='par_1_11' title="bbox 72 1979 1083 2058">
     <span class='ocr_line' id='line_1_18' title="bbox 72 1979 1083 2058; baseline 0 -21"><span class='ocrx_word' id='word_1_91' title='bbox 72 1997 128 2039; x_wconf 78' lang='lat' dir='ltr'>ron</span> <span class='ocrx_word' id='word_1_92' title='bbox 149 1979 304 2052; x_wconf 72' lang='lat' dir='ltr'>Grsnaur,</span> <span class='ocrx_word' id='word_1_93' title='bbox 326 1999 461 2040; x_wconf 81' lang='lat' dir='ltr'>smscorr</span> <span class='ocrx_word' id='word_1_94' title='bbox 483 1999 520 2039; x_wconf 79' lang='lat' dir='ltr'>nr</span> <span class='ocrx_word' id='word_1_95' title='bbox 541 1997 747 2040; x_wconf 79' lang='lat' dir='ltr'>consessoms.</span> <span class='ocrx_word' id='word_1_96' title='bbox 792 1980 886 2057; x_wconf 87' lang='lat' dir='ltr'>(Prid.</span> <span class='ocrx_word' id='word_1_97' title='bbox 904 1980 974 2038; x_wconf 79' lang='lat' dir='ltr'><strong>Kal.</strong></span> <span class='ocrx_word' id='word_1_98' title='bbox 989 1979 1083 2058; x_wconf 79' lang='lat' dir='ltr'>Aug.)</span> 
     </span>
    </p>
   </div>
   <div class='ocr_carea' id='block_1_9' title="bbox 72 2112 1149 2514">
    <p class='ocr_par' dir='ltr' id='par_1_12' title="bbox 72 2112 319 2172">
     <span class='ocr_line' id='line_1_19' title="bbox 72 2112 319 2172; baseline 0.012 -3"><span class='ocrx_word' id='word_1_99' title='bbox 72 2112 153 2170; x_wconf 70' lang='grc' dir='ltr'>ηἰιηι.</span> <span class='ocrx_word' id='word_1_100' title='bbox 197 2113 319 2172; x_wconf 80' lang='lat' dir='ltr'>Statuit</span> 
     </span>
    </p>

    <p class='ocr_par' dir='ltr' id='par_1_13' title="bbox 72 2194 118 2251">
     <span class='ocr_line' id='line_1_20' title="bbox 72 2194 118 2251; baseline 0.043 -2"><span class='ocrx_word' id='word_1_101' title='bbox 72 2194 118 2251; x_wconf 81' lang='lat' dir='ltr'>tio.</span> 
     </span>
    </p>

    <p class='ocr_par' dir='ltr' id='par_1_14' title="bbox 72 2273 1149 2514">
     <span class='ocr_line' id='line_1_21' title="bbox 72 2273 1149 2353; baseline 0.005 -23"><span class='ocrx_word' id='word_1_102' title='bbox 72 2273 126 2331; x_wconf 91' lang='lat' dir='ltr'>udi</span> <span class='ocrx_word' id='word_1_103' title='bbox 154 2294 215 2345; x_wconf 86' lang='lat' dir='ltr'>uos,</span> <span class='ocrx_word' id='word_1_104' title='bbox 245 2275 327 2333; x_wconf 89' lang='lat' dir='ltr'>Deus</span> <span class='ocrx_word' id='word_1_105' title='bbox 354 2275 491 2334; x_wconf 82' lang='lat' dir='ltr'>salutaris</span> <span class='ocrx_word' id='word_1_106' title='bbox 518 2285 628 2350; x_wconf 88' lang='lat' dir='ltr'>noster,</span> <span class='ocrx_word' id='word_1_107' title='bbox 656 2285 687 2335; x_wconf 90' lang='lat' dir='ltr'>et</span> <span class='ocrx_word' id='word_1_108' title='bbox 714 2277 784 2352; x_wconf 86' lang='lat' dir='ltr'>quia</span> <span class='ocrx_word' id='word_1_109' title='bbox 815 2282 923 2333; x_wconf 82' lang='lat' dir='ltr'>nostrae</span> <span class='ocrx_word' id='word_1_110' title='bbox 955 2296 1055 2353; x_wconf 88' lang='lat' dir='ltr'>preces</span> <span class='ocrx_word' id='word_1_111' title='bbox 1087 2297 1149 2335; x_wconf 88' lang='lat' dir='ltr'>uon</span> 
     </span>
     <span class='ocr_line' id='line_1_22' title="bbox 72 2355 1148 2434; baseline 0.005 -23"><span class='ocrx_word' id='word_1_112' title='bbox 72 2356 220 2426; x_wconf 76' lang='lat' dir='ltr'>mendici,</span> <span class='ocrx_word' id='word_1_113' title='bbox 241 2357 335 2414; x_wconf 85' lang='lat' dir='ltr'>sancti</span> <span class='ocrx_word' id='word_1_114' title='bbox 357 2355 499 2414; x_wconf 82' lang='lat' dir='ltr'>Germani</span> <span class='ocrx_word' id='word_1_115' title='bbox 519 2359 691 2416; x_wconf 79' lang='lat' dir='ltr'>confessoris</span> <span class='ocrx_word' id='word_1_116' title='bbox 709 2358 757 2415; x_wconf 89' lang='lat' dir='ltr'>tui</span> <span class='ocrx_word' id='word_1_117' title='bbox 774 2364 864 2433; x_wconf 71' lang='lat' dir='ltr'>atcpue</span> <span class='ocrx_word' id='word_1_118' title='bbox 884 2358 1031 2434; x_wconf 88' lang='lat' dir='ltr'>pontificis</span> <span class='ocrx_word' id='word_1_119' title='bbox 1045 2359 1148 2431; x_wconf 87' lang='lat' dir='ltr'>oratio,</span> 
     </span>
     <span class='ocr_line' id='line_1_23' title="bbox 72 2435 592 2514; baseline 0.008 -22"><span class='ocrx_word' id='word_1_120' title='bbox 72 2457 122 2508; x_wconf 81' lang='lat' dir='ltr'>um,</span> <span class='ocrx_word' id='word_1_121' title='bbox 138 2435 178 2493; x_wconf 86' lang='lat' dir='ltr'>sit</span> <span class='ocrx_word' id='word_1_122' title='bbox 191 2444 309 2514; x_wconf 79' lang='lat' dir='ltr'>accepta</span> <span class='ocrx_word' id='word_1_123' title='bbox 322 2457 375 2514; x_wconf 82' lang='lat' dir='ltr'>pro</span> <span class='ocrx_word' id='word_1_124' title='bbox 390 2439 481 2496; x_wconf 88' lang='lat' dir='ltr'>nobis.</span> <span class='ocrx_word' id='word_1_125' title='bbox 526 2439 592 2498; x_wconf 88' lang='lat' dir='ltr'>Per.</span> 
     </span>
    </p>
   </div>
   <div class='ocr_carea' id='block_1_10' title="bbox 72 2528 421 2589">
    <p class='ocr_par' dir='ltr' id='par_1_15' title="bbox 72 2528 421 2589">
     <span class='ocr_line' id='line_1_24' title="bbox 72 2528 421 2589; baseline 0.009 -3"><span class='ocrx_word' id='word_1_126' title='bbox 72 2528 149 2588; x_wconf 69' lang='lat' dir='ltr'>stola</span> <span class='ocrx_word' id='word_1_127' title='bbox 192 2528 266 2588; x_wconf 87' lang='lat' dir='ltr'>Eoce</span> <span class='ocrx_word' id='word_1_128' title='bbox 279 2531 421 2589; x_wconf 87' lang='lat' dir='ltr'>sacerdos.</span> 
     </span>
    </p>
   </div>
   <div class='ocr_carea' id='block_1_11' title="bbox 72 2622 1143 3370">
    <p class='ocr_par' dir='ltr' id='par_1_16' title="bbox 72 2622 305 2682">
     <span class='ocr_line' id='line_1_25' title="bbox 72 2622 305 2682; baseline 0.009 -2"><span class='ocrx_word' id='word_1_129' title='bbox 72 2622 142 2680; x_wconf 78' lang='lat' dir='ltr'>dale.</span> <span class='ocrx_word' id='word_1_130' title='bbox 188 2622 305 2682; x_wconf 81' lang='lat' dir='ltr'>Inveni</span> 
     </span>
    </p>

    <p class='ocr_par' dir='ltr' id='par_1_17' title="bbox 72 2704 248 2780">
     <span class='ocr_line' id='line_1_26' title="bbox 72 2704 248 2780; baseline 0.006 -20"><span class='ocrx_word' id='word_1_131' title='bbox 72 2704 248 2780; x_wconf 89' lang='lat' dir='ltr'>ilprofioiet.</span> 
     </span>
    </p>

    <p class='ocr_par' dir='ltr' id='par_1_18' title="bbox 72 2785 487 2861">
     <span class='ocr_line' id='line_1_27' title="bbox 72 2785 487 2861; baseline 0.007 -22"><span class='ocrx_word' id='word_1_132' title='bbox 72 2785 154 2861; x_wconf 61' lang='lat' dir='ltr'>rluya.</span> <span class='ocrx_word' id='word_1_133' title='bbox 204 2786 233 2843; x_wconf 88' lang='lat' dir='ltr'>V.</span> <span class='ocrx_word' id='word_1_134' title='bbox 257 2785 365 2842; x_wconf 82' lang='lat' dir='ltr'>Inveni</span> <span class='ocrx_word' id='word_1_135' title='bbox 380 2785 487 2843; x_wconf 80' lang='lat' dir='ltr'>David.</span> 
     </span>
    </p>

    <p class='ocr_par' dir='ltr' id='par_1_19' title="bbox 72 2878 516 2956">
     <span class='ocr_line' id='line_1_28' title="bbox 72 2878 516 2956; baseline 0.005 -22"><span class='ocrx_word' id='word_1_136' title='bbox 72 2879 208 2953; x_wconf 72' lang='lat' dir='ltr'>apetium.</span> <span class='ocrx_word' id='word_1_137' title='bbox 252 2878 372 2950; x_wconf 79' lang='lat' dir='ltr'>Videte,</span> <span class='ocrx_word' id='word_1_138' title='bbox 387 2878 516 2956; x_wconf 80' lang='lat' dir='ltr'>vigilate.</span> 
     </span>
    </p>

    <p class='ocr_par' dir='ltr' id='par_1_20' title="bbox 72 2959 373 3018">
     <span class='ocr_line' id='line_1_29' title="bbox 72 2959 373 3018; baseline -0.003 0"><span class='ocrx_word' id='word_1_139' title='bbox 72 2961 200 3018; x_wconf 60' lang='lat' dir='ltr'>rarione.</span> <span class='ocrx_word' id='word_1_140' title='bbox 244 2959 373 3017; x_wconf 81' lang='lat' dir='ltr'>Veritas.</span> 
     </span>
    </p>

    <p class='ocr_par' dir='ltr' id='par_1_21' title="bbox 72 3063 123 3111">
     <span class='ocr_line' id='line_1_30' title="bbox 72 3063 123 3111; baseline -0.02 0"><span class='ocrx_word' id='word_1_141' title='bbox 72 3063 123 3111; x_wconf 80' lang='lat' dir='ltr'>eto.</span> 
     </span>
    </p>

    <p class='ocr_par' dir='ltr' id='par_1_22' title="bbox 72 3131 1143 3370">
     <span class='ocr_line' id='line_1_31' title="bbox 72 3131 1142 3211; baseline -0.003 -20"><span class='ocrx_word' id='word_1_142' title='bbox 72 3135 136 3210; x_wconf 64' lang='lat' dir='ltr'>rice,</span> <span class='ocrx_word' id='word_1_143' title='bbox 170 3153 347 3211; x_wconf 73' lang='lat' dir='ltr'>quesumus,</span> <span class='ocrx_word' id='word_1_144' title='bbox 370 3133 508 3206; x_wconf 84' lang='lat' dir='ltr'>Domine,</span> <span class='ocrx_word' id='word_1_145' title='bbox 531 3132 672 3210; x_wconf 92' lang='lat' dir='ltr'>populum</span> <span class='ocrx_word' id='word_1_146' title='bbox 706 3140 793 3190; x_wconf 89' lang='lat' dir='ltr'>tuum</span> <span class='ocrx_word' id='word_1_147' title='bbox 826 3131 863 3189; x_wconf 86' lang='lat' dir='ltr'>ad</span> <span class='ocrx_word' id='word_1_148' title='bbox 884 3137 937 3188; x_wconf 82' lang='lat' dir='ltr'>tue</span> <span class='ocrx_word' id='word_1_149' title='bbox 959 3137 1142 3190; x_wconf 80' lang='lat' dir='ltr'>sacramento</span> 
     </span>
     <span class='ocr_line' id='line_1_32' title="bbox 72 3211 1143 3290; baseline -0.003 -18"><span class='ocrx_word' id='word_1_150' title='bbox 72 3236 107 3272; x_wconf 88' lang='lat' dir='ltr'>·m</span> <span class='ocrx_word' id='word_1_151' title='bbox 124 3216 155 3271; x_wconf 90' lang='lat' dir='ltr'>in</span> <span class='ocrx_word' id='word_1_152' title='bbox 169 3216 331 3273; x_wconf 81' lang='lat' dir='ltr'>festivitate</span> <span class='ocrx_word' id='word_1_153' title='bbox 345 3214 441 3272; x_wconf 87' lang='lat' dir='ltr'>sancti</span> <span class='ocrx_word' id='word_1_154' title='bbox 453 3214 625 3272; x_wconf 84' lang='lat' dir='ltr'>confessoris</span> <span class='ocrx_word' id='word_1_155' title='bbox 643 3215 691 3271; x_wconf 87' lang='lat' dir='ltr'>tui</span> <span class='ocrx_word' id='word_1_156' title='bbox 711 3221 800 3290; x_wconf 67' lang='lat' dir='ltr'>etclue</span> <span class='ocrx_word' id='word_1_157' title='bbox 820 3211 968 3289; x_wconf 80' lang='lat' dir='ltr'>pontificis</span> <span class='ocrx_word' id='word_1_158' title='bbox 983 3213 1143 3285; x_wconf 82' lang='lat' dir='ltr'>Germani3</span> 
     </span>
     <span class='ocr_line' id='line_1_33' title="bbox 72 3293 1139 3370; baseline 0 -18"><span class='ocrx_word' id='word_1_159' title='bbox 72 3297 76 3352; x_wconf 75' lang='lat' dir='ltr'>i</span> <span class='ocrx_word' id='word_1_160' title='bbox 102 3297 134 3352; x_wconf 89' lang='lat' dir='ltr'>in</span> <span class='ocrx_word' id='word_1_161' title='bbox 158 3296 270 3353; x_wconf 89' lang='lat' dir='ltr'>honore</span> <span class='ocrx_word' id='word_1_162' title='bbox 292 3295 420 3352; x_wconf 87' lang='lat' dir='ltr'>nominis</span> <span class='ocrx_word' id='word_1_163' title='bbox 443 3295 489 3352; x_wconf 95' lang='lat' dir='ltr'>tui</span> <span class='ocrx_word' id='word_1_164' title='bbox 514 3295 691 3367; x_wconf 86' lang='lat' dir='ltr'>detulerunt,</span> <span class='ocrx_word' id='word_1_165' title='bbox 711 3293 824 3352; x_wconf 90' lang='lat' dir='ltr'>cunctis</span> <span class='ocrx_word' id='word_1_166' title='bbox 846 3294 939 3370; x_wconf 89' lang='lat' dir='ltr'>prosit</span> <span class='ocrx_word' id='word_1_167' title='bbox 962 3293 1001 3351; x_wconf 83' lang='lat' dir='ltr'>sd</span> <span class='ocrx_word' id='word_1_168' title='bbox 1014 3293 1139 3352; x_wconf 84' lang='lat' dir='ltr'>veniam.</span> 
     </span>
    </p>
   </div>
   <div class='ocr_carea' id='block_1_12' title="bbox 72 3456 645 3533">
    <p class='ocr_par' dir='ltr' id='par_1_23' title="bbox 72 3456 645 3533">
     <span class='ocr_line' id='line_1_34' title="bbox 72 3456 645 3533; baseline -0.002 -18"><span class='ocrx_word' id='word_1_169' title='bbox 72 3457 181 3515; x_wconf 80' lang='lat' dir='ltr'>munio.</span> <span class='ocrx_word' id='word_1_170' title='bbox 225 3456 363 3527; x_wconf 89' lang='lat' dir='ltr'>Domine,</span> <span class='ocrx_word' id='word_1_171' title='bbox 379 3456 511 3533; x_wconf 88' lang='lat' dir='ltr'>quinque</span> <span class='ocrx_word' id='word_1_172' title='bbox 525 3456 645 3514; x_wconf 81' lang='lat' dir='ltr'>talenta.</span> 
     </span>
    </p>
   </div>
   <div class='ocr_carea' id='block_1_13' title="bbox 72 3570 1141 3851">
    <p class='ocr_par' dir='ltr' id='par_1_24' title="bbox 72 3570 242 3609">
     <span class='ocr_line' id='line_1_35' title="bbox 72 3570 242 3609; baseline -0.018 0"><span class='ocrx_word' id='word_1_173' title='bbox 72 3570 242 3609; x_wconf 71' lang='lat' dir='ltr'>conrmrcmo.</span> 
     </span>
    </p>

    <p class='ocr_par' dir='ltr' id='par_1_25' title="bbox 72 3628 1141 3851">
     <span class='ocr_line' id='line_1_36' title="bbox 72 3628 1141 3707; baseline -0.005 -18"><span class='ocrx_word' id='word_1_174' title='bbox 72 3633 128 3704; x_wconf 89' lang='lat' dir='ltr'>udi,</span> <span class='ocrx_word' id='word_1_175' title='bbox 143 3632 281 3702; x_wconf 90' lang='lat' dir='ltr'>Domine,</span> <span class='ocrx_word' id='word_1_176' title='bbox 298 3629 440 3707; x_wconf 89' lang='lat' dir='ltr'>populum</span> <span class='ocrx_word' id='word_1_177' title='bbox 454 3634 541 3686; x_wconf 91' lang='lat' dir='ltr'>tuum</span> <span class='ocrx_word' id='word_1_178' title='bbox 555 3649 622 3686; x_wconf 90' lang='lat' dir='ltr'>oum</span> <span class='ocrx_word' id='word_1_179' title='bbox 640 3629 736 3686; x_wconf 86' lang='lat' dir='ltr'>sancti</span> <span class='ocrx_word' id='word_1_180' title='bbox 754 3628 896 3686; x_wconf 78' lang='lat' dir='ltr'>Germani</span> <span class='ocrx_word' id='word_1_181' title='bbox 909 3628 1080 3687; x_wconf 86' lang='lat' dir='ltr'>confessoris</span> <span class='ocrx_word' id='word_1_182' title='bbox 1095 3628 1141 3684; x_wconf 90' lang='lat' dir='ltr'>tui</span> 
     </span>
     <span class='ocr_line' id='line_1_37' title="bbox 72 3709 1140 3789; baseline -0.003 -20"><span class='ocrx_word' id='word_1_183' title='bbox 72 3712 195 3770; x_wconf 75' lang='lat' dir='ltr'>ontificis</span> <span class='ocrx_word' id='word_1_184' title='bbox 216 3712 379 3789; x_wconf 85' lang='lat' dir='ltr'>patrocinio</span> <span class='ocrx_word' id='word_1_185' title='bbox 399 3709 623 3787; x_wconf 85' lang='lat' dir='ltr'>supplicantem,</span> <span class='ocrx_word' id='word_1_186' title='bbox 641 3716 678 3767; x_wconf 90' lang='lat' dir='ltr'>ut</span> <span class='ocrx_word' id='word_1_187' title='bbox 696 3717 751 3767; x_wconf 87' lang='lat' dir='ltr'>tuo</span> <span class='ocrx_word' id='word_1_188' title='bbox 771 3729 885 3786; x_wconf 84' lang='lat' dir='ltr'>semper</span> <span class='ocrx_word' id='word_1_189' title='bbox 904 3709 1018 3767; x_wconf 82' lang='lat' dir='ltr'>auxilio</span> <span class='ocrx_word' id='word_1_190' title='bbox 1038 3728 1140 3767; x_wconf 82' lang='lat' dir='ltr'>secura</span> 
     </span>
     <span class='ocr_line' id='line_1_38' title="bbox 73 3792 401 3851; baseline -0.006 -1"><span class='ocrx_word' id='word_1_191' title='bbox 73 3795 99 3851; x_wconf 89' lang='lat' dir='ltr'>it</span> <span class='ocrx_word' id='word_1_192' title='bbox 112 3793 269 3850; x_wconf 85' lang='lat' dir='ltr'>devotione</span> <span class='ocrx_word' id='word_1_193' title='bbox 282 3792 401 3849; x_wconf 73' lang='lat' dir='ltr'>seruire.</span> 
     </span>
    </p>
   </div>
   <div class='ocr_carea' id='block_1_14' title="bbox 187 3989 895 4066">
    <p class='ocr_par' dir='ltr' id='par_1_26' title="bbox 187 3989 895 4066">
     <span class='ocr_line' id='line_1_39' title="bbox 187 3989 895 4066; baseline -0.003 -19"><span class='ocrx_word' id='word_1_194' title='bbox 187 3992 238 4047; x_wconf 78' lang='lat' dir='ltr'>An</span> <span class='ocrx_word' id='word_1_195' title='bbox 258 3989 404 4047; x_wconf 75' lang='lat' dir='ltr'>Vmcuua</span> <span class='ocrx_word' id='word_1_196' title='bbox 424 4005 529 4047; x_wconf 78' lang='lat' dir='ltr'>saucrr</span> <span class='ocrx_word' id='word_1_197' title='bbox 551 3989 656 4048; x_wconf 82' lang='lat' dir='ltr'>Pursr.</span> <span class='ocrx_word' id='word_1_198' title='bbox 701 3989 783 4062; x_wconf 84' lang='lat' dir='ltr'>(Kal.</span> <span class='ocrx_word' id='word_1_199' title='bbox 800 3989 895 4066; x_wconf 85' lang='lat' dir='ltr'>Aug.)</span> 
     </span>
    </p>
   </div>
   <div class='ocr_carea' id='block_1_15' title="bbox 72 4118 1137 4528">
    <p class='ocr_par' dir='ltr' id='par_1_27' title="bbox 72 4118 1137 4528">
     <span class='ocr_line' id='line_1_40' title="bbox 72 4118 1090 4197; baseline -0.002 -21"><span class='ocrx_word' id='word_1_200' title='bbox 72 4122 136 4178; x_wconf 70' lang='lat' dir='ltr'>[aaa.</span> <span class='ocrx_word' id='word_1_201' title='bbox 180 4120 272 4179; x_wconf 86' lang='lat' dir='ltr'>Nunc</span> <span class='ocrx_word' id='word_1_202' title='bbox 286 4119 346 4178; x_wconf 85' lang='lat' dir='ltr'>scio</span> <span class='ocrx_word' id='word_1_203' title='bbox 359 4138 438 4192; x_wconf 85' lang='lat' dir='ltr'>vere,</span> <span class='ocrx_word' id='word_1_204' title='bbox 452 4129 486 4177; x_wconf 77' lang='lat' dir='ltr'>ut</span> <span class='ocrx_word' id='word_1_205' title='bbox 500 4120 534 4177; x_wconf 81' lang='lat' dir='ltr'>in</span> <span class='ocrx_word' id='word_1_206' title='bbox 547 4120 632 4179; x_wconf 80' lang='lat' dir='ltr'>Festo</span> <span class='ocrx_word' id='word_1_207' title='bbox 645 4120 841 4197; x_wconf 77' lang='lat' dir='ltr'>apostolorum</span> <span class='ocrx_word' id='word_1_208' title='bbox 854 4119 938 4178; x_wconf 82' lang='lat' dir='ltr'>Petri</span> <span class='ocrx_word' id='word_1_209' title='bbox 950 4128 977 4178; x_wconf 83' lang='lat' dir='ltr'>et</span> <span class='ocrx_word' id='word_1_210' title='bbox 991 4118 1090 4177; x_wconf 65' lang='lat' dir='ltr'>Padi.</span> 
     </span>
     <span class='ocr_line' id='line_1_41' title="bbox 72 4233 1137 4369; baseline -0.003 -22"><span class='ocrx_word' id='word_1_211' title='bbox 72 4233 160 4369; x_wconf 58' lang='lat' dir='ltr'>ioum</span> <span class='ocrx_word' id='word_1_212' title='bbox 180 4291 303 4348; x_wconf 85' lang='lat' dir='ltr'>beatum</span> <span class='ocrx_word' id='word_1_213' title='bbox 324 4289 449 4347; x_wconf 88' lang='lat' dir='ltr'>Petrum</span> <span class='ocrx_word' id='word_1_214' title='bbox 470 4290 637 4367; x_wconf 87' lang='lat' dir='ltr'>apostolum</span> <span class='ocrx_word' id='word_1_215' title='bbox 657 4310 675 4347; x_wconf 85' lang='lat' dir='ltr'>a</span> <span class='ocrx_word' id='word_1_216' title='bbox 696 4290 802 4347; x_wconf 87' lang='lat' dir='ltr'>vinclis</span> <span class='ocrx_word' id='word_1_217' title='bbox 821 4288 991 4347; x_wconf 85' lang='lat' dir='ltr'>absolutum</span> <span class='ocrx_word' id='word_1_218' title='bbox 1011 4287 1137 4345; x_wconf 83' lang='lat' dir='ltr'>illaesum</span> 
     </span>
     <span class='ocr_line' id='line_1_42' title="bbox 72 4369 1137 4447; baseline -0.005 -17"><span class='ocrx_word' id='word_1_219' title='bbox 72 4371 137 4430; x_wconf 85' lang='lat' dir='ltr'>cisti</span> <span class='ocrx_word' id='word_1_220' title='bbox 149 4391 158 4443; x_wconf 90' lang='lat'>;</span> <span class='ocrx_word' id='word_1_221' title='bbox 192 4378 370 4441; x_wconf 83' lang='lat' dir='ltr'>nostrorum,</span> <span class='ocrx_word' id='word_1_222' title='bbox 395 4390 571 4447; x_wconf 80' lang='lat' dir='ltr'>quaesumus,</span> <span class='ocrx_word' id='word_1_223' title='bbox 592 4373 710 4429; x_wconf 84' lang='lat' dir='ltr'>absolve</span> <span class='ocrx_word' id='word_1_224' title='bbox 738 4369 858 4428; x_wconf 84' lang='lat' dir='ltr'>vincula</span> <span class='ocrx_word' id='word_1_225' title='bbox 884 4375 1080 4446; x_wconf 84' lang='lat' dir='ltr'>peccatorum,</span> <span class='ocrx_word' id='word_1_226' title='bbox 1106 4374 1137 4426; x_wconf 85' lang='lat' dir='ltr'>et</span> 
     </span>
     <span class='ocr_line' id='line_1_43' title="bbox 72 4452 705 4528; baseline 0 -19"><span class='ocrx_word' id='word_1_227' title='bbox 72 4453 125 4512; x_wconf 76' lang='lat' dir='ltr'>mle</span> <span class='ocrx_word' id='word_1_228' title='bbox 137 4474 157 4511; x_wconf 79' lang='lat' dir='ltr'>o,</span> <span class='ocrx_word' id='word_1_229' title='bbox 170 4452 257 4510; x_wconf 78' lang='lat' dir='ltr'>uobis</span> <span class='ocrx_word' id='word_1_230' title='bbox 270 4452 449 4528; x_wconf 82' lang='lat' dir='ltr'>propitiatus</span> <span class='ocrx_word' id='word_1_231' title='bbox 463 4453 594 4511; x_wconf 86' lang='lat' dir='ltr'>exclude.</span> <span class='ocrx_word' id='word_1_232' title='bbox 639 4453 705 4509; x_wconf 88' lang='lat' dir='ltr'>Per.</span> 
     </span>
    </p>
   </div>
   <div class='ocr_carea' id='block_1_16' title="bbox 0 0 1406 4920">
    <p class='ocr_par' dir='ltr' id='par_1_28' title="bbox 0 0 1406 4920">
     <span class='ocr_line' id='line_1_44' title="bbox 0 0 1406 4920; baseline 0 0"><span class='ocrx_word' id='word_1_233' title='bbox 0 0 1406 4920; x_wconf 95' lang='lat' dir='ltr'> </span> 
     </span>
    </p>
   </div>
  </div>
 </body>
</html>
