2804 4920
171 302 213 363 44
560 297 664 364 Faria
685 297 730 365 oi.
749 305 826 385 poet
848 298 991 365 Cineres.

231 466 377 524 Paulinus.

231 547 378 605 Exaltabo
391 552 432 620 te,
446 546 583 622 Domine,
598 549 740 624 queniam
753 547 907 625 sucepisti
920 566 985 605 me:
1006 564 1059 604 nee
1073 544 1229 603 delectasti
1240 542 1367 603 inimices

171 648 251 687 meos
265 648 353 705 super
365 647 420 687 me.

233 708 342 768 Orati).

231 790 376 848 Inchoata
394 790 517 867 jejunia,
542 808 717 867 quaesumus,
743 789 881 862 Domine,
906 788 1034 866 benigno
1058 788 1158 846 favore
1183 804 1365 866 pmaequere:

171 877 207 928 ut
224 871 441 929 observantiam
462 890 551 948 quam
571 872 762 948 corporaliter
782 871 964 944 exhibemus,
979 870 1129 928 mentibus
1146 870 1240 927 etiam
1258 868 1364 926 dumis

171 971 307 1010 exercere
319 952 476 1009 valeamus
520 951 579 1009 Per
593 952 764 1010 Dominum

232 1050 327 1108 Laelio
340 1050 439 1107 Esaiae
452 1049 602 1125 Peoplrelce
622 1050 710 1127 (lui-ii.
730 1051 776 1108 1-9
778 1052 803 1127 )

232 1130 307 1188 Haec
320 1130 393 1188 dicit
408 1131 554 1188 Dominus
568 1130 658 1204 Deus,
672 1131 782 1204 Clama,
798 1150 836 1188 ne
850 1149 941 1188 cesses
954 1150 1045 1206 neque
1059 1129 1100 1186 ed
1113 1127 1199 1186 Tune
1215 1125 1359 1195 invocabis,

170 1218 201 1269 et
214 1210 362 1269 Dominus
375 1212 533 1269 exaudiet:
557 1212 704 1285 clamabis,
721 1220 752 1270 et
765 1213 842 1270 dicet
856 1232 862 1268 :
886 1211 962 1270 Ecce
975 1211 1100 1284 adsum3
1121 1209 1193 1286 quia
1212 1208 1359 1267 ωἰεοιὶωη

172 1312 237 1350 sum
253 1293 400 1351 Dominus
414 1293 497 1350 Deus
510 1299 587 1351 tuus.

235 1388 369 1447 Gradole.

234 1469 337 1529 Unam
366 1470 440 1548 petii
467 1490 486 1527 a
513 1471 651 1543 Domine,
676 1471 752 1528 hanc
775 1470 948 1546 requiram:
987 1476 1022 1528 ut
1044 1468 1211 1545 inhabitem
1235 1467 1268 1525 in
1288 1466 1356 1525 deun

174 1550 305 1609 Domini.
1389 1596 1392 1605 .

179 1632 209 1690 l'.
235 1632 282 1690 Ut
295 1632 411 1690 videam
425 1633 610 1691 voluntatem
624 1633 746 1691 Domini
760 1654 767 1690 ι
790 1640 821 1690 et
834 1637 972 1709 protegar
985 1652 1003 1689 a
1016 1629 1128 1706 templo
1142 1635 1246 1688 sancto
1258 1628 1320 1705 ejus

236 1714 367 1771 Tractus.
411 1713 547 1786 Domine,
561 1734 621 1771 non
644 1714 814 1786 secundum,
839 1722 873 1770 et
893 1733 985 1789 errpre
1001 1713 1036 1769 in
1052 1712 1143 1769 Feria
1160 1719 1275 1786 quarte.
1310 1704 1355 1765 Hic

179 1794 300 1851 Tractus
313 1794 424 1852 dieder
437 1795 563 1869 quolibet
576 1795 664 1853 Serta
677 1795 767 1852 Feria
780 1813 870 1870 eisque
882 1793 924 1852 ed
936 1794 1046 1851 Remos
1059 1791 1245 1850 Pal-marana

233 1874 434 1949 E-oonqdima
477 1875 645 1934 Secrlruiuue
659 1875 834 1933 dlettltceum
854 1874 896 1950 (a
913 1875 1011 1946 43-48,
1027 1873 1064 1931 vi.
1083 1874 1157 1951 1-6)
1392 1936 1394 1961 Ι

235 1956 273 2013 In
294 1956 346 2014 illo
366 1963 507 2034 tempere,
531 1957 619 2014 Dixit
632 1957 654 2014 J
655 1976 721 2014 esus
743 1954 893 2032 discipulis
913 1956 974 2013 suis
984 1976 993 2029 ς
1013 1953 1152 2012 Audistis
1173 1952 1245 2029 quia
1263 1951 1352 2009 diona
1392 1966 1394 1973 '

173 2042 237 2109 est5
258 2037 372 2114 Diliges
391 2038 561 2114 proximum
583 2046 671 2096 tuum
690 2058 781 2113 esqm
801 2038 842 2094 od
863 2036 954 2093 Peter
969 2043 1040 2094 tuus
1053 2034 1106 2112 qui
1119 2034 1203 2092 videt
1216 2035 1249 2091 in
1261 2033 1353 2090 enea

174 2117 245 2191 dito,
261 2119 366 2176 reddet
379 2119 443 2176 tibi.

236 2197 428 2271 offertore-em..
1332 2266 1339 2280 ι

235 2280 371 2353 Domine,
388 2279 505 2337 virifica
525 2299 573 2338 me
590 2280 751 2338 secundum
765 2279 915 2357 eloquium
928 2285 1034 2338 tuum:
1055 2282 1092 2335 ut
1105 2276 1196 2335 sciam
1209 2272 1351 2333 latinum

175 2366 236 2419 tua.

183 2441 212 2497 l'.
239 2440 297 2499 Fae
325 2460 391 2498 cum
420 2460 504 2498 sene
534 2446 595 2513 tue,
624 2441 760 2513 Domine,
790 2442 951 2499 secundum
978 2458 1115 2518 magnam
1148 2431 1350 2501 misericordis*

175 2529 259 2579 tuam
273 2542 279 2578 :
301 2528 331 2579 et
345 2541 382 2579 ne
395 2522 509 2579 auferas
523 2522 559 2579 dc
573 2541 623 2579 ore
637 2541 702 2580 meo
715 2523 839 2580 verbum
852 2521 998 2579 veritatis.
1343 2587 1349 2601 ,

183 2601 212 2660 V.
239 2603 288 2659 De
302 2603 375 2659 mihi
396 2603 588 2674 intellectum,
603 2610 638 2660 ut
651 2604 760 2661 discam
774 2604 913 2660 mandata
927 2611 996 2660 tua:
1018 2607 1049 2659 et
1062 2599 1233 2658 voluntaris
1249 2596 1301 2655 oris
1310 2606 1350 2650 ne

175 2683 221 2741 fac
235 2684 309 2740 mihi
322 2684 355 2740 in
368 2684 559 2760 beneplacito,
575 2685 712 2742 Domine.
1205 2684 1209 2693 '

236 2764 294 2823 Iste
308 2766 452 2823 acciendus
472 2766 574 2825 Versus
587 2786 742 2840 eeztrzqmne
756 2766 866 2823 elicitur
879 2765 940 2823 arisi
953 2765 986 2821 in
1000 2763 1132 2821 »subdito

235 2846 357 2904 Secreta.

235 2928 425 2999 Sacrificium,
442 2928 579 2998 Domine,
594 2928 788 2985 observantiae
802 2925 1060 3003 quadragesimalis
1075 2924 1244 2981 offerimus:
1262 2918 1350 3005 prule

174 3027 350 3084 quaesumus,
372 3016 409 3065 ut
430 3009 486 3066 tibi
511 3016 541 3065 et
565 3016 678 3066 mentes
701 3017 817 3066 nostras
841 3008 945 3065 reddat
969 3012 1110 3082 acceptas,
1135 3012 1167 3062 et
1190 3000 1350 3061 maenuba

175 3091 364 3165 promptioris
377 3090 462 3146 nobis
476 3090 589 3147 tribuat
603 3090 779 3147 facultatem.
824 3088 882 3146 Per
896 3089 1066 3146 Dominum.

238 3171 419 3226 (immune.

237 3250 353 3307 Servite
367 3250 497 3307 Domino
511 3251 542 3307 in
557 3251 671 3321 timore,
691 3257 720 3307 et
734 3251 867 3309 exultate
881 3250 909 3307 ei
922 3270 990 3307 cum
1004 3257 1150 3306 tremore:
1171 3236 1351 3323 apprehendit

176 3331 372 3406 disciplinam,
384 3351 421 3388 ne
434 3333 560 3408 pereatis
574 3330 611 3389 de
624 3332 673 3388 via
682 3332 773 3407 justa.

237 3412 480 3469 I’osrconeueeio.

237 3491 382 3568 Spiritum
403 3493 494 3565 nobis,
518 3492 653 3566 Domine,
676 3499 736 3550 tuse
757 3493 890 3550 claritatis
911 3490 1044 3560 infunde,
1065 3496 1101 3546 ut
1125 3508 1200 3565 quos
1223 3507 1280 3546 une
1298 3492 1352 3561 ΡΜ

176 3572 287 3630 caelesti
318 3574 441 3645 satiasti,
471 3582 523 3632 tua
549 3574 637 3631 facias
672 3575 781 3650 pietate
809 3573 972 3631 concordes.
1029 3571 1089 3627 Per
1113 3570 1282 3628 Dominum.
1325 3556 1352 3617 1³

179 3654 294 3710 unitate
311 3654 449 3730 ejusdem.

238 3736 334 3810 b'nper
349 3735 503 3811 populum.

239 3815 342 3887 Tuere,
368 3817 505 3887 Domine,
528 3817 670 3893 populum
691 3823 786 3885 tuum,
807 3822 838 3873 et
860 3816 897 3873 ab
920 3814 1055 3871 omuibus
1075 3812 1204 3889 peccatis
1224 3806 1353 3870 elementer

176 3897 324 3969 emundn;
345 3898 415 3973 quin
428 3897 511 3955 nulla
524 3898 552 3954 ei
566 3898 684 3956 nocebit
704 3897 876 3967 adversitas,
892 3897 916 3954 si
937 3895 1021 3953 nulla
1034 3894 1212 3952 dominetur
1231 3885 1352 3967 iniquit*

178 3976 237 4034 Per
251 3977 422 4035 Dominum.

705 4109 854 4168 Suessano,

237 4191 536 4367 {iggppasmmm
552 4280 587 4328 ut
599 4271 632 4328 ie
650 4272 822 4348 precedenti
834 4271 925 4330 Feria
937 4270 1032 4329 Sexta.

238 4354 460 4495 giiiiiiationis
479 4433 569 4511 hujus
584 4432 694 4510 jejunii
714 4453 813 4491 annua
840 4432 1010 4491 celebritate
1037 4432 1181 4506 letantes,
1203 4426 1362 4509 quaeum&
1392 4416 1394 4427 ¹
