2804 4920
114 277 178 340 314
576 274 674 341 Festa
695 270 854 358 Aepuati.

112 441 176 500 ficis
189 442 329 500 Audoeni
342 443 448 500 animae
466 441 638 514 contulisti,
658 440 766 514 tribue,
781 458 958 516 quaesumus,
974 439 1037 515 ejus
1057 456 1112 495 noa
1126 436 1205 515 apud
1219 442 1249 494 to
1262 436 1297 495 ita

110 523 281 600 patrociniis
294 524 456 595 sublimari,
472 531 508 581 ut
521 543 589 582 cum
603 542 637 581 eo
650 523 744 580 vitam
757 520 956 599 possideamus
969 527 1118 577 aeternam
1162 517 1227 576 Per.

173 602 315 679 Eptistcks.
359 605 418 663 Per
430 625 543 663 manus.

174 683 308 746 Gradale.
351 687 389 743 In
404 705 521 743 omnem
535 693 652 744 terrum.

173 765 320 841 Alleluya
370 767 397 827 l'.
427 767 500 824 Vox
523 767 619 823 sancti
639 763 849 823 Bartholomaei
872 763 957 840 quasi
976 762 1051 820 tuba
1070 761 1228 821 vehemens
1246 766 1298 819 est:

113 846 269 904 ambulant
282 867 350 905 cum
364 867 398 906 co
411 848 509 924 angeli
523 849 589 905 Dei.

173 928 337 1002 Sequentia.
381 928 467 987 Clare
481 936 657 986 sanctorum.

173 1009 374 1081 Evanpelium.
417 1009 508 1067 Facta
522 1016 567 1067 est
579 1008 738 1068 contentia.

179 1090 370 1162 Offcrlortum.
414 1091 493 1148 Mihi
506 1097 614 1148 autem.

172 1167 293 1231 Semta.

174 1249 260 1308 Beati
273 1251 398 1329 apostoli
418 1253 464 1309 tui
479 1251 696 1323 Bartholomaei,
718 1250 855 1321 Domine,
866 1250 949 1326 cujus
959 1247 1112 1306 sollemnia
1121 1264 1302 1312 recensemus,

112 1350 287 1407 quaesumus,
303 1333 440 1403 Domino,
455 1340 491 1390 ut
504 1335 567 1410 ejus
581 1333 694 1390 auxilio
712 1338 767 1390 tua
785 1331 925 1390 beneficia
939 1329 1096 1406 capiamus,
1111 1347 1167 1404 pro
1185 1346 1243 1404 quo
1257 1326 1302 1383 tibi

112 1412 223 1470 hostias
236 1413 332 1471 laudis
346 1415 502 1473 offerimus.
546 1414 611 1473 Per.

175 1492 247 1552 Alia
258 1494 379 1553 Secreta.

173 1574 290 1645 Oblata,
305 1595 481 1651 quesumus,
499 1576 635 1648 Domine,
651 1595 773 1633 munera
787 1574 891 1645 fidelis,
906 1571 1008 1650 populi
1021 1570 1136 1629 meritis
1151 1568 1303 1627 beatissimi

113 1655 231 1731 patroni
244 1657 291 1712 sui
304 1657 445 1714 Audccni
458 1657 515 1714 tibi
529 1657 692 1714 reddantur
711 1663 838 1732 accepta,
852 1663 888 1712 ut
901 1655 938 1711 ab
953 1653 1034 1710 omui
1055 1650 1230 1728 contagione
1249 1669 1303 1726 pec-

112 1736 173 1793 cati
185 1735 289 1793 iisdem
303 1738 410 1814 quibus
431 1737 609 1795 famulamur
629 1737 777 1814 mysteriis
797 1736 956 1794 clementer
969 1733 1125 1792 emundari
1140 1750 1301 1790 mercamur.

94 1816 178 1874 ‘Pau

174 1896 355 1956 Comama-io.
398 1899 457 1958 Vos
470 1900 522 1976 qui
536 1901 636 1958 secuti.

173 1979 413 2038 Portccmmunic.

174 2058 366 2137 Sumpsimus,
377 2061 514 2133 Domine,
526 2061 632 2138 pignus
642 2061 747 2119 salutis
757 2065 882 2132 aeternoe,
894 2057 1074 2117 celebrantes
1083 2056 1165 2115 beati
1177 2054 1298 2113 Barthol-

109 2137 197 2197 'omaei
224 2142 348 2217 apostoli
375 2142 421 2200 tui
448 2143 551 2200 votiva
584 2143 746 2212 sollemnia,
775 2148 805 2199 et
831 2146 975 2218 perpetua
1001 2138 1108 2196 merita
1136 2142 1297 2196 venerantes

112 2240 288 2297 quaesumus,
303 2228 338 2279 ut
352 2222 437 2280 nobis
450 2224 582 2299 proficiat
596 2223 634 2281 ad
647 2223 780 2280 salutem.
824 2221 884 2280 Per
896 2220 1067 2287 Dominum.

173 2301 244 2360 Alie
265 2303 506 2362 Porlcommunio.

174 2383 286 2441 Menam
307 2384 429 2442 caelestis
449 2385 675 2461 participatione
695 2385 833 2461 vegetati,
848 2383 994 2459 supplices
1013 2387 1043 2440 te
1058 2400 1203 2458 rogamus,
1218 2377 1294 2438 omui·

111 2470 215 2539 potens
235 2463 326 2533 Deus,
346 2472 380 2522 ut
400 2466 477 2523 sicut
499 2466 534 2523 de
556 2466 637 2523 beati
656 2465 796 2523 Audoeni
815 2473 957 2542 perpetua
977 2462 1191 2540 glorificatione
1210 2477 1292 2517 numu

111 2544 280 2603 celebritate
294 2546 463 2622 gaudemus,
478 2547 521 2604 ita
535 2547 626 2623 ipsius
639 2546 719 2624 apud
733 2553 762 2604 te
776 2546 982 2604 intercessione
996 2544 1033 2602 ab
1048 2544 1129 2601 cinni
1145 2557 1291 2601 mereamur

111 2625 290 2684 adversitate
304 2628 429 2686 defendi.
474 2627 537 2684 Per.

213 2847 251 2902 Ix
273 2846 372 2905 Fssro
394 2845 611 2904 Durosrmosrs
632 2863 738 2903 surum
760 2847 907 2904 Tirone*
941 2845 1013 2921 (viii.
1032 2844 1103 2901 Kal.
1120 2845 1212 2921 Sept.)

173 2985 311 3058 Officium.
356 2986 470 3043 Statuit
484 2988 519 3044 ei.

173 3066 280 3124 Oratio.

171 3147 260 3216 Deus,
286 3148 336 3222 qui
359 3148 518 3205 Ecclesiam
535 3154 617 3204 tmun
642 3149 673 3203 in
699 3148 777 3204 bereti
798 3147 945 3224 pontificis
969 3147 1014 3203 tui
1035 3147 1154 3202 Tlrouuu
1174 3142 1282 3221 angelica

110 3225 239 3302 puritate
258 3234 288 3283 ct
305 3229 450 3284 virtutum
471 3230 563 3304 gloria
581 3230 731 3298 decorasti,
744 3228 868 3285 roncale
885 3228 970 3284 nobis
988 3228 1106 3284 famulis
1124 3228 1181 3284 tuis
1195 3238 1225 3281 ut
1237 3224 1284 3298 ejus

110 3308 339 3382 suffragantibus
355 3311 476 3381 meritis,
492 3311 663 3386 angulorum
678 3331 743 3366 rum
759 3310 821 3386 ipso
837 3329 1001 3391 mercunun·
1015 3310 1179 3384 agminibus
1192 3303 1281 3362 sociari

112 3388 175 3444 Per.

170 3466 308 3542 Eprtstolu.
352 3471 505 3528 Abraham
520 3492 643 3547 mugnus
657 3478 750 3547 pater,
766 3481 799 3528 ul
813 3472 846 3528 iu
860 3472 918 3528 ulio
933 3471 1015 3527 Festo
1027 3470 1157 3545 ejusdem.

172 3548 304 3606 Grrululc.
348 3550 422 3607 Ecce
436 3553 575 3609 sacerdos,

169 3629 317 3705 Alleluyu.
361 3632 389 3688 V.
405 3633 449 3688 Tu
461 3635 550 3708 stirps
561 3633 700 3708 prreeclara
710 3653 791 3689 saera
802 3632 871 3703 vita,
884 3634 1008 3690 scicntia
1018 3633 1104 3704 clam,
1117 3629 1278 3708 pontificatus

109 3730 168 3782 uni,
185 3712 241 3767 (luc
256 3731 308 3767 nos
323 3713 358 3768 ad
374 3715 493 3788 pruuuuiu
508 3735 581 3770 curu.

168 3791 330 3866 Sequentia.
376 3795 492 3868 Magum
508 3795 610 3864 lucem,
626 3805 659 3851 ur
676 3796 705 3851 iu
721 3796 778 3851 ulio
794 3794 875 3851 Festo
890 3795 1022 3870 (pristiam.

169 3873 369 3946 Erunpelium.
413 3876 509 3932 Nemo
524 3877 656 3933 accendit
671 3876 829 3932 lucernum.

171 3953 363 4027 Qffertorium.
408 3957 535 4012 Veritus,

168 4037 288 4094 Secreta.

168 4116 294 4175 Gloriosi
315 4118 462 4193 pontilicis
482 4119 527 4173 tui
550 4118 677 4190 Thomm,
693 4139 869 4194 qruesuums
885 4118 1013 4176 Domine
1029 4118 1109 4175 Deus
1123 4121 1213 4174 nostor
1224 4125 1276 4186 pm·

107 4197 185 4254 clere
206 4200 310 4254 merite
335 4200 518 4255 sanctificent
541 4200 628 4256 corde
651 4209 760 4270 nostru,
787 4201 997 4276 praesentisque
1022 4199 1153 4257 sacrificii
1178 4206 1276 4253 mimera

106 4286 190 4353 gratu
204 4280 314 4336 fuciunt
328 4287 358 4335 ct
373 4287 496 4355 :receptu
540 4280 606 4338 Per.

460 4429 471 4450 ⁴
490 4427 550 4470 'l'lris
565 4427 631 4471 lluss
643 4428 662 4471 is
674 4436 713 4471 not
727 4429 800 4483 pirou
812 4429 836 4472 iu
849 4429 887 4472 llic
899 4427 951 4473 MS.
