2804 4920
496 358 593 425 Foeta
614 357 821 444 Septembris.

186 607 237 666 Ad
250 606 385 678 celebres,
400 626 454 664 rex
467 606 573 679 caeliae,
587 606 688 664 laudes
702 613 809 665 maneta

184 687 304 767 Pangat
316 707 396 746 nune
409 707 516 747 canora
527 694 645 746 caterva
658 687 834 765 symphonia
845 708 854 761 3

185 768 266 828 Odas
275 775 366 846 atque
378 769 476 827 solvat
489 769 590 827 concio
603 769 660 826 tibi
673 776 784 839 nostra,

185 848 261 909 Cum
271 851 336 928 jam
348 856 531 909 renovantur
544 849 700 908 Michaelis
712 849 825 926 inclyta
838 848 924 908 valde
936 849 1020 922 festa,

184 931 245 991 Per
257 950 345 1009 quem
358 930 528 989 letabunda
541 936 717 1008 perornatur
730 930 867 989 machina
879 931 985 989 mundi
998 938 1070 989 tote.

184 1012 298 1072 Norica
311 1011 451 1071 distincta
464 1017 658 1089 pneumatum
672 1019 743 1070 sunt
755 1012 874 1089 agmina
889 1019 986 1089 perte
999 1012 1097 1070 sacta:

185 1093 245 1152 Sed
257 1113 325 1152 cum
338 1093 384 1151 vis
397 1093 470 1151 iacis
482 1093 545 1150 haeo
557 1093 693 1150 flammea
706 1112 759 1170 per
772 1092 918 1169 angelicas
931 1093 1068 1151 officinae

185 1175 271 1234 Inter
284 1175 424 1251 primaeva
441 1179 513 1231 sunt
525 1173 588 1231 haec
601 1193 670 1230 nam
684 1180 783 1232 creata
801 1180 872 1232 tua:
893 1193 961 1231 curn
978 1174 1070 1231 simus
1089 1193 1143 1232 nos
1155 1171 1262 1231 ultima

264 1255 389 1325 factura,
404 1254 455 1313 sed
469 1255 566 1332 imago
579 1261 640 1312 tua

184 1335 332 1414 Tbecloga
341 1336 539 1414 categorizant
552 1334 685 1412 symbola
694 1334 780 1393 nobis
790 1334 852 1394 haec
862 1340 909 1394 ter
918 1335 1070 1414 tripertita
1083 1354 1136 1412 per
1145 1336 1263 1413 privata

265 1416 380 1489 officia3

184 1497 273 1557 Plebs
289 1496 430 1575 angelica,
441 1497 573 1575 phalanx
582 1504 613 1555 et
626 1496 836 1574 archangelica,
846 1497 1017 1575 principans
1030 1503 1139 1567 turma,
1157 1497 1263 1554 virtus

263 1598 322 1656 que
334 1579 465 1651 uranica,
481 1599 515 1636 ac
528 1584 658 1656 potestas
671 1577 851 1655 almiphona,

184 1659 379 1718 Dominentia
393 1660 524 1730 numina,
539 1659 698 1736 disinaque
711 1658 858 1732 subsellia,

184 1740 337 1798 Cherubin
351 1739 486 1811 aetherea,
501 1747 532 1798 et
546 1740 691 1817 Seraphin
704 1740 847 1798 ardentia.

184 1820 257 1893 Vos,
274 1819 300 1879 Ο
315 1820 445 1879 Michael
459 1821 522 1879 caeli
535 1828 661 1898 satrapa,
674 1821 853 1898 Gabrielque
863 1839 934 1878 vera
947 1820 1020 1878 dans
1033 1818 1130 1878 Verbi
1144 1820 1263 1892 nuntia,

183 1903 287 1979 Atque
306 1901 441 1979 Raphael
455 1901 525 1959 ritae
539 1902 670 1974 vernula,
686 1901 845 1959 transferte
857 1920 911 1959 nos
924 1901 1004 1960 inter
1014 1900 1226 1960 Paradiaicolae
1240 1922 1247 1959 ι

182 1981 243 2041 Per
253 2002 305 2040 voa
319 1981 419 2041 Patris
432 1990 537 2042 cuncta
548 1982 734 2059 complentur
747 1982 895 2054 mandata,
910 2001 976 2059 quae
991 1982 1042 2040 dat

184 2063 326 2141 Ejusdem
337 2062 456 2141 Sophia,
467 2082 585 2139 compar
599 2082 715 2140 quoque
726 2063 868 2134 Pneumo,
877 2083 938 2121 una
950 2083 1124 2140 permanens
1138 2063 1170 2121 in
1179 2061 1259 2121 usia:

183 2143 242 2202 eui
255 2144 326 2202 estis
337 2143 578 2202 administrantia
591 2143 664 2215 Deo,
679 2143 773 2201 millia
788 2144 915 2202 millium
928 2164 1010 2203 sacra

182 2224 273 2283 Vicae
283 2244 337 2303 per
350 2224 396 2282 bie
410 2224 532 2302 quinas:
553 2225 598 2282 bis
612 2231 701 2301 atque
715 2226 877 2302 quingenta
890 2224 966 2283 dena

181 2304 315 2364 Centena
327 2304 448 2364 millena
461 2305 604 2363 assistunt
618 2305 650 2362 in
663 2305 738 2377 aula,
751 2305 789 2363 ad
802 2326 890 2383 quam
906 2326 959 2364 rex
969 2326 1054 2364 ovem
1069 2306 1259 2365 centesimam

184 2386 434 2464 Terrigenamqne
447 2386 600 2463 dragmam
613 2387 756 2444 decimam
766 2393 865 2444 vestra
878 2385 967 2445 duxit
981 2407 1069 2464 supra
1083 2387 1238 2465 agalmata,

181 2466 247 2525 Vos
259 2486 313 2545 per
326 2467 443 2540 aethera,
459 2487 513 2526 nos
526 2486 579 2545 per
591 2486 669 2540 rura,
685 2467 761 2525 dena

182 2546 257 2606 Para
270 2547 371 2618 electa,
387 2548 547 2606 harmoniae
560 2554 631 2607 vota
644 2548 748 2606 damus
760 2547 947 2626 hyperlyrica
960 2548 1091 2608 cithara:

183 2628 231 2687 Ut
243 2635 312 2706 post
325 2629 403 2688 bella
417 2629 573 2687 Michaelis
586 2628 699 2705 inclyta

183 2709 249 2768 Deo
262 2715 363 2768 nostru
376 2711 437 2767 sint
451 2717 570 2787 accepta
583 2729 702 2768 auream
716 2709 793 2768 cirea
806 2729 888 2767 aram
902 2710 1114 2786 thymiamata:

182 2791 249 2861 Quo
262 2790 295 2848 in
309 2791 417 2848 coelesti
426 2792 491 2868 jam
504 2791 598 2868 gloria

181 2870 435 2930 Condemntemus
448 2871 599 2948 Alleluya.

119 2979 290 3040 Somnium
311 2980 486 3038 Mattlueum
499 2980 598 3057 (xviii.
617 2980 711 3056 1-10).

119 3061 161 3120 In
186 3061 240 3119 illo
266 3069 406 3139 tempore,
431 3063 629 3120 Accessenmt
650 3059 786 3137 discipuli
813 3060 851 3119 ad
878 3060 983 3119 Jesum
1007 3058 1156 3118 dicentes:
1186 3059 1265 3130 Quis.

66 3149 147 3220 putas
160 3143 257 3218 major
270 3148 314 3200 est
328 3163 417 3218 usque
431 3144 473 3201 ad
486 3142 584 3219 quiin
599 3141 678 3199 caelis
691 3147 744 3199 est.

119 3229 223 3290 Credo.

120 3322 317 3399 operosam.

118 3403 212 3463 Stetit
233 3402 354 3478 angelus
377 3404 468 3481 juxta
491 3423 573 3462 aram
594 3402 707 3480 templi,
732 3402 843 3460 habens
866 3401 1054 3460 thuribulum
1080 3422 1202 3461 aureum
1226 3403 1258 3460 in

66 3505 148 3545 nanu
162 3504 234 3543 sua:
255 3491 287 3542 et
300 3484 370 3541 data
382 3491 454 3542 aunt
471 3483 499 3544 ei
519 3484 638 3543 incensa
657 3483 761 3556 multa,
777 3488 808 3542 et
827 3483 960 3547 ascendit
979 3483 1079 3541 fumus
1092 3492 1259 3542 aromatum

66 3587 86 3625 n
103 3571 261 3643 conspectu
277 3565 344 3636 Dei,
359 3564 494 3642 alleluya.

118 3658 241 3719 Secreta.

118 3739 244 3798 Hostias
265 3737 332 3810 tibi,
357 3739 494 3811 Domine,
519 3738 617 3796 laudis
638 3738 788 3797 offerimus
810 3737 983 3814 suppliciter
1003 3737 1201 3816 deprecantes,
1222 3744 1258 3795 ut

66 3820 181 3892 medem,
193 3819 326 3895 angelico
339 3839 393 3896 pro
406 3820 491 3877 nobis
504 3820 720 3878 interveniente
733 3819 882 3894 suffragio,
894 3825 924 3876 et
935 3819 1069 3896 placatus
1082 3820 1257 3896 accipisset

66 3903 93 3961 rd
106 3901 235 3960 salutem
249 3906 381 3958 nostram
394 3901 550 3977 provenire
563 3901 711 3959 concedas.
755 3899 814 3958 Per
828 3900 999 3957 Dominum.

114 3995 303 4146 ἕᾜίῗίιιιὲ
313 4093 414 4134 omnes
427 4072 524 4153 angeli
538 4074 671 4146 Domini,
686 4073 835 4132 Domino:
850 4074 994 4151 hymnum
1008 4072 1108 4145 dicite,
1119 4079 1149 4132 et
1159 4092 1257 4150 super-

66 4159 187 4219 exaltate
200 4176 269 4216 eum
282 4157 316 4214 in
326 4154 439 4215 saecula

114 4253 361 4314 Poatcommurrio.

112 4334 205 4396 Beati
231 4333 399 4410 archangeli
426 4333 474 4392 tui
496 4333 651 4392 Michaelis
678 4332 888 4392 intercessione
916 4331 1032 4390 suffulti
1056 4331 1201 4409 supplices
1215 4338 1254 4405 te,

66 4418 193 4490 lemine,
205 4415 422 4553 1alaprecamur,
450 4421 486 4473 ut
512 4434 586 4492 quos
612 4415 723 4473 honore
750 4414 968 4492 prosequimur,
993 4414 1200 4492 contingamus
1226 4422 1256 4473 et

66 4506 161 4561 nante.
232 4514 273 4554 er.
