2804 4920
152 350 216 414 142
542 345 592 410 ln
612 343 668 411 die
689 351 803 410 coacto
823 343 970 411 Pascha.

228 514 298 573 Rex
319 512 353 571 in
379 519 525 571 aemrnnm
551 512 664 589 suscipe
691 512 836 589 benignus
861 511 1007 589 preconia
1032 518 1136 571 nostra
1161 510 1222 571 tibi
1249 510 1354 571 sedulo

308 594 453 667 canentis,
469 593 568 651 Patris
581 593 684 651 sedens
696 592 736 651 ad
748 593 911 666 dexteram,

228 673 337 734 Victor
348 675 459 752 ubique
472 681 568 732 morte
580 681 719 752 superata
730 680 820 752 atque
836 673 1029 752 triumphata,
1044 673 1180 752 polorum
1199 672 1353 751 possidens

348 755 425 814 udia

229 837 255 896 Ο
269 776 385 915 ηιαῖηα,
400 836 430 902 Ο,
440 835 524 907 celse,
541 836 567 894 Ο
581 835 705 913 pulchra
718 835 875 894 clementia
888 835 1001 894 Christi
1013 835 1142 908 luciflua,
1158 835 1185 895 Ο
1199 834 1286 894 alma

229 918 308 977 Laus
334 917 400 989 tibi,
424 917 583 994 honorque,
608 937 643 975 ac
669 917 775 988 virtus,
803 916 857 994 qui
888 923 1021 975 nostram
1054 917 1211 994 antiquam
1244 915 1351 975 levasti

309 1018 462 1056 sarcinam

226 1079 323 1138 Boseo
335 1099 439 1138 cruore
451 1078 535 1156 Agni
548 1078 752 1156 benignissimi
763 1085 865 1155 empta
878 1077 983 1136 florida
995 1077 1086 1136 micat
1099 1076 1162 1136 haec
1176 1077 1267 1137 aula:

227 1160 350 1219 Potenti
362 1160 475 1219 virtute
488 1165 590 1218 nostra
603 1160 656 1236 qui
668 1159 744 1217 lavit
755 1159 894 1231 facinora,
910 1159 1044 1218 tribuens
1056 1158 1135 1217 dona
1146 1158 1269 1237 fulgida

228 1241 356 1319 Stupens
370 1241 456 1300 valde
468 1241 502 1299 in
515 1247 625 1299 memet
633 1242 697 1316 jam
711 1241 803 1298 mirer
817 1240 967 1314 hodierna,

226 1322 322 1380 Tanta
335 1322 464 1399 indignis
477 1322 605 1399 pandere
618 1322 704 1379 nobis
717 1328 907 1379 sacramenta

226 1403 326 1481 Stirpe
341 1403 480 1462 Davitica
493 1409 584 1474 ortus,
596 1401 724 1460 detribu
736 1402 759 1461 J
760 1402 819 1460 uda
829 1402 889 1460 Leo
902 1407 1016 1479 potens,
1026 1400 1185 1460 surrexisti
1197 1400 1232 1459 in
1243 1400 1352 1478 gloria,

176 1518 179 1525 ·
307 1486 414 1561 Agnus
428 1484 508 1541 visus
523 1503 553 1541 es
566 1483 599 1540 in
615 1488 702 1541 terra

225 1562 477 1633 Mundans*,elim
491 1584 569 1636 arva,
585 1584 676 1641 regua
693 1564 770 1639 petis
787 1583 900 1640 supera,
916 1563 1007 1640 justis
1026 1562 1152 1622 reddens
1169 1562 1302 1641 praemia,
1315 1564 1349 1621 in

306 1646 412 1704 saecula
424 1645 581 1722 dignanter
593 1644 720 1703 orantia

226 1726 291 1799 Dic,
307 1727 398 1804 impie
411 1726 530 1798 Zabule,
545 1726 617 1802 quid
630 1725 710 1783 valet
725 1744 805 1784 nunc
824 1725 905 1783 fraus
925 1730 987 1797 tua,
1008 1725 1103 1802 igneis
1121 1744 1220 1783 nexus
1239 1724 1313 1784 loris
1333 1745 1352 1783 a

307 1807 420 1865 Christi
433 1807 575 1864 victorial

224 1887 339 1960 Tribus,
351 1888 468 1965 linguar,
483 1887 678 1945 admiramini
723 1887 796 1957 Quis
809 1886 925 1944 audivit
938 1887 1011 1945 trrlia
1024 1886 1185 1944 miracula!

224 1970 272 2028 Ut
286 1989 364 2027 mors
377 1976 502 2026 mortem
515 1969 557 2027 sic
571 1974 730 2045 superaret,
744 1967 789 2025 rei
802 1967 988 2043 perciperent
1000 1968 1092 2026 talem
1104 1968 1263 2045 gratiami

223 2051 244 2109 J
247 2051 330 2108 udaea
343 2050 503 2120 incredula,
518 2069 571 2105 cur
584 2069 684 2107 manes
697 2049 792 2106 adhuc
805 2048 1023 2107 inverecundal

224 2131 360 2208 Perspice
375 2129 571 2201 Christicolas,
587 2130 714 2206 qualiter
727 2129 789 2189 loeti
802 2135 915 2187 canunt
927 2129 1040 2206 inclyta

225 2212 419 2287 Redemptori
433 2210 568 2268 carmina

224 2292 312 2368 Ergo,
327 2292 374 2368 pie
389 2291 455 2349 Rex
472 2291 598 2363 Christe,
612 2291 698 2350 nobis
710 2291 784 2349 dans
796 2291 925 2368 praemia,

225 2370 313 2430 Solv'c
322 2392 468 2429 nexorum
476 2372 609 2430 vincula:

224 2453 395 2510 Electorum
409 2452 528 2530 agmina

222 2535 282 2591 Fac
296 2541 394 2592 tecum
407 2554 557 2611 resurgere
570 2533 606 2590 ad
621 2534 737 2590 beatam
751 2532 881 2609 gloriam

224 2615 323 2692 Digna
337 2615 499 2691 rependens
512 2616 624 2672 merita.

222 2697 371 2772 Paraclyti
386 2697 487 2754 Sancti
500 2694 728 2753 consolationem
742 2695 822 2770 piam

222 2778 429 2854 Expectamus,
444 2778 604 2834 secundum
619 2777 839 2851 promissionem
853 2782 945 2846 tuam,

222 2859 295 2917 Post
308 2866 373 2916 acta
386 2859 576 2916 Asccnsionis
590 2863 690 2913 sancte
707 2857 865 2927 sollemnia,

222 2940 288 3009 Qua
303 2961 332 2997 cs
347 2960 493 3015 regressus
507 2939 544 2996 ad
558 2938 642 2996 calos
655 2939 734 2994 nube
747 2944 842 2994 tectus
856 2937 942 3007 clara,

221 3020 340 3078 Pollens
353 3021 440 3077 laude
454 3028 570 3077 aeterna.

200 3125 401 3199 Evangelium.
443 3126 610 3183 Secaeulam
623 3125 761 3181 Marcum
774 3123 847 3199 (xvi.
863 3120 909 3179 1-7
914 3123 935 3195 ).

200 3207 239 3263 In
266 3207 317 3262 illo
344 3213 483 3282 tempore,
511 3207 608 3262 Maria
632 3205 815 3279 Magdalcne,
844 3211 875 3260 et
899 3203 997 3260 Maria
1020 3202 1136 3272 Jacobi,
1166 3210 1197 3260 et
1225 3203 1346 3261 Salomc

138 3295 274 3378 emerunt
294 3294 426 3343 aromata
445 3288 595 3360 usquead
616 3287 648 3342 in
671 3286 841 3342 Galilaeam:
863 3284 987 3341 ibicum
1000 3282 1148 3354 videbitis,
1163 3285 1243 3341 sicut
1265 3285 1346 3342 dixit

139 3368 302 3504 vobilrcdo.

201 3527 393 3602 offortorium.

197 3609 289 3665 Terra
302 3609 426 3665 tremuit
439 3615 470 3666 et
482 3608 605 3684 quievit,
619 3607 690 3665 dum
704 3614 870 3685 resurgeret
882 3608 914 3664 in
924 3605 1038 3682 judicio
1052 3607 1142 3676 Deus,
1156 3606 1295 3683 alleluya

197 3690 326 3847 §blazilia
356 3789 530 3846 quaeamus,
555 3770 692 3841 Domine,
717 3790 816 3847 preces
842 3768 945 3846 populi
971 3770 1018 3826 tui
1045 3789 1112 3826 cum
1139 3768 1345 3827 oblationibus

135 3852 307 3921 hostiarum,
324 3860 359 3908 ut
373 3850 556 3927 paschalibus
569 3852 694 3907 initiata
714 3851 868 3927 mysteriis,
884 3853 921 3909 ad
943 3850 1118 3908 aternitatis
1138 3850 1225 3907 nobis
1246 3850 1345 3908 mede-

135 3933 203 4001 lam,
217 3939 248 3990 te
262 3939 410 4010 opcrnnto‚
425 3932 587 4008 proficiant
631 3932 690 3988 Por
703 3932 873 3989 Dominum.

196 4025 346 4103 Prasotio.
382 4025 424 4082 Et
437 4030 468 4081 tc
481 4023 607 4102 quidem
645 4023 735 4100 Infra
748 4025 905 4086 Actionem
938 4024 1198 4084 communicantes
1210 4032 1238 4082 ct
1251 4023 1346 4083 Hanc

136 4109 234 4185 igitur.

198 4187 379 4248 Communia.

197 4269 309 4328 Pascha
328 4275 462 4327 nostrum
482 4265 654 4324 immolatus
673 4275 718 4326 est
738 4268 884 4342 Christus,
898 4269 1045 4346 alleluya:
1063 4270 1167 4346 itaque
1183 4267 1346 4348 epulemur

135 4351 169 4409 in
182 4352 291 4429 asymis
305 4350 483 4410 sinceritatis
497 4355 529 4406 et
541 4347 684 4421 veritatis,
698 4349 834 4429 alleluya,
845 4351 982 4428 alleluya,
996 4351 1131 4426 alleluya

373 4489 600 4539 wammam
889 4491 1101 4557 eru-gaam
