<?xml version="1.0" encoding="UTF-8"?>
<!DOCTYPE html PUBLIC "-//W3C//DTD XHTML 1.0 Transitional//EN"
    "http://www.w3.org/TR/xhtml1/DTD/xhtml1-transitional.dtd">
<html xmlns="http://www.w3.org/1999/xhtml" xml:lang="en" lang="en">
 <head>
  <title>
</title>
<meta http-equiv="Content-Type" content="text/html;charset=utf-8" />
  <meta name='ocr-system' content='tesseract 3.04.00' />
  <meta name='ocr-capabilities' content='ocr_page ocr_carea ocr_par ocr_line ocrx_word'/>
</head>
<body>
  <div class='ocr_page' id='page_1' title='image "./missaleadusumpe00churgoog_0294.png"; bbox 0 0 2804 4920; ppageno 0'>
   <div class='ocr_carea' id='block_1_1' title="bbox 407 332 1158 442">
    <p class='ocr_par' dir='ltr' id='par_1_1' title="bbox 407 332 1158 442">
     <span class='ocr_line' id='line_1_1' title="bbox 407 332 1158 442; baseline 0.015 -11"><span class='ocrx_word' id='word_1_1' title='bbox 407 368 504 432; x_wconf 79' lang='lat' dir='ltr'><strong>Festo</strong></span> <span class='ocrx_word' id='word_1_2' title='bbox 525 367 715 433; x_wconf 71' lang='lat' dir='ltr'><em>Februarii.</em></span> <span class='ocrx_word' id='word_1_3' title='bbox 1096 332 1158 442; x_wconf 75' lang='lat'><strong>239</strong></span> 
     </span>
    </p>
   </div>
   <div class='ocr_carea' id='block_1_2' title="bbox 76 534 1194 4180">
    <p class='ocr_par' dir='ltr' id='par_1_2' title="bbox 76 534 1194 4180">
     <span class='ocr_line' id='line_1_2' title="bbox 76 534 1161 620; baseline 0.008 -29"><span class='ocrx_word' id='word_1_4' title='bbox 76 534 117 592; x_wconf 81' lang='lat' dir='ltr'><strong>olo</strong></span> <span class='ocrx_word' id='word_1_5' title='bbox 130 541 177 592; x_wconf 85' lang='lat' dir='ltr'><strong>est</strong></span> <span class='ocrx_word' id='word_1_6' title='bbox 188 542 391 612; x_wconf 72' lang='lat' dir='ltr'><strong>presentatus,</strong></span> <span class='ocrx_word' id='word_1_7' title='bbox 406 536 451 594; x_wconf 81' lang='lat' dir='ltr'><strong>itu</strong></span> <span class='ocrx_word' id='word_1_8' title='bbox 472 556 526 593; x_wconf 82' lang='lat' dir='ltr'><strong>nos</strong></span> <span class='ocrx_word' id='word_1_9' title='bbox 547 537 636 594; x_wconf 85' lang='lat' dir='ltr'><strong>facins</strong></span> <span class='ocrx_word' id='word_1_10' title='bbox 660 536 716 594; x_wconf 89' lang='lat' dir='ltr'><strong>tibi</strong></span> <span class='ocrx_word' id='word_1_11' title='bbox 741 537 902 614; x_wconf 84' lang='lat' dir='ltr'><strong>purificatis</strong></span> <span class='ocrx_word' id='word_1_12' title='bbox 921 539 1070 600; x_wconf 85' lang='lat' dir='ltr'><strong>mentibus</strong></span> <span class='ocrx_word' id='word_1_13' title='bbox 1088 561 1161 620; x_wconf 84' lang='lat' dir='ltr'><strong>prse-</strong></span> 
     </span>
     <span class='ocr_line' id='line_1_3' title="bbox 76 614 328 674; baseline 0.012 -3"><span class='ocrx_word' id='word_1_14' title='bbox 76 662 77 671; x_wconf 70' lang='grc'>,</span> <span class='ocrx_word' id='word_1_15' title='bbox 122 614 182 672; x_wconf 87' lang='lat' dir='ltr'><strong>Per</strong></span> <span class='ocrx_word' id='word_1_16' title='bbox 194 617 328 674; x_wconf 89' lang='lat' dir='ltr'><strong>eundem.</strong></span> 
     </span>
     <span class='ocr_line' id='line_1_4' title="bbox 76 697 616 776; baseline 0.002 -23"><span class='ocrx_word' id='word_1_17' title='bbox 76 698 115 754; x_wconf 81' lang='lat' dir='ltr'><strong>tio</strong></span> <span class='ocrx_word' id='word_1_18' title='bbox 129 697 287 755; x_wconf 64' lang='lat' dir='ltr'><strong>Malachae</strong></span> <span class='ocrx_word' id='word_1_19' title='bbox 301 698 451 773; x_wconf 70' lang='lat' dir='ltr'><strong>Propheta</strong></span> <span class='ocrx_word' id='word_1_20' title='bbox 464 697 525 776; x_wconf 79' lang='lat' dir='ltr'><strong>(iii.</strong></span> <span class='ocrx_word' id='word_1_21' title='bbox 545 699 616 775; x_wconf 82' lang='lat'><strong>1-4).</strong></span> 
     </span>
     <span class='ocr_line' id='line_1_5' title="bbox 76 777 1160 860; baseline 0.007 -24"><span class='ocrx_word' id='word_1_22' title='bbox 76 797 94 836; x_wconf 85' lang='lat' dir='ltr'><strong>e</strong></span> <span class='ocrx_word' id='word_1_23' title='bbox 107 777 182 835; x_wconf 86' lang='lat' dir='ltr'><strong>dicit</strong></span> <span class='ocrx_word' id='word_1_24' title='bbox 194 779 343 836; x_wconf 78' lang='lat' dir='ltr'><strong>Dominus</strong></span> <span class='ocrx_word' id='word_1_25' title='bbox 356 779 458 836; x_wconf 89' lang='lat' dir='ltr'><strong>Dens:</strong></span> <span class='ocrx_word' id='word_1_26' title='bbox 480 779 553 836; x_wconf 83' lang='lat' dir='ltr'><strong>Eece</strong></span> <span class='ocrx_word' id='word_1_27' title='bbox 567 799 620 854; x_wconf 83' lang='lat' dir='ltr'><strong>ego</strong></span> <span class='ocrx_word' id='word_1_28' title='bbox 634 779 721 836; x_wconf 84' lang='lat' dir='ltr'><strong>mitto</strong></span> <span class='ocrx_word' id='word_1_29' title='bbox 735 779 872 857; x_wconf 77' lang='lat' dir='ltr'>angelum</span> <span class='ocrx_word' id='word_1_30' title='bbox 894 800 993 840; x_wconf 89' lang='lat' dir='ltr'><strong>meum</strong></span> <span class='ocrx_word' id='word_1_31' title='bbox 1015 804 1105 860; x_wconf 78' lang='lat' dir='ltr'><strong>oeque</strong></span> <span class='ocrx_word' id='word_1_32' title='bbox 1119 785 1160 844; x_wconf 75' lang='lat' dir='ltr'><strong>ad</strong></span> 
     </span>
     <span class='ocr_line' id='line_1_6' title="bbox 76 859 719 936; baseline 0.003 -21"><span class='ocrx_word' id='word_1_33' title='bbox 76 859 121 915; x_wconf 89' lang='lat' dir='ltr'><strong>mi</strong></span> <span class='ocrx_word' id='word_1_34' title='bbox 134 859 262 936; x_wconf 83' lang='lat' dir='ltr'><strong>antiqui,</strong></span> <span class='ocrx_word' id='word_1_35' title='bbox 276 859 349 918; x_wconf 81' lang='lat' dir='ltr'><strong>dicit</strong></span> <span class='ocrx_word' id='word_1_36' title='bbox 364 859 512 917; x_wconf 84' lang='lat' dir='ltr'>Dominus</span> <span class='ocrx_word' id='word_1_37' title='bbox 526 861 719 935; x_wconf 85' lang='lat' dir='ltr'><strong>omnipotens.</strong></span> 
     </span>
     <span class='ocr_line' id='line_1_7' title="bbox 76 940 157 998; baseline 0.012 -2"><span class='ocrx_word' id='word_1_38' title='bbox 76 940 157 998; x_wconf 67' lang='lat' dir='ltr'><strong>alala</strong></span> 
     </span>
     <span class='ocr_line' id='line_1_8' title="bbox 76 1021 1159 1100; baseline 0.007 -22"><span class='ocrx_word' id='word_1_39' title='bbox 76 1023 216 1098; x_wconf 78' lang='lat' dir='ltr'><strong>cepimus,</strong></span> <span class='ocrx_word' id='word_1_40' title='bbox 239 1021 329 1092; x_wconf 80' lang='lat' dir='ltr'><strong>Dens,</strong></span> <span class='ocrx_word' id='word_1_41' title='bbox 346 1021 573 1079; x_wconf 82' lang='lat' dir='ltr'><strong>misericordiam</strong></span> <span class='ocrx_word' id='word_1_42' title='bbox 594 1028 677 1079; x_wconf 86' lang='lat' dir='ltr'><strong>tunm</strong></span> <span class='ocrx_word' id='word_1_43' title='bbox 691 1022 723 1078; x_wconf 91' lang='lat' dir='ltr'><strong>in</strong></span> <span class='ocrx_word' id='word_1_44' title='bbox 743 1021 838 1079; x_wconf 88' lang='lat' dir='ltr'><strong>modio</strong></span> <span class='ocrx_word' id='word_1_45' title='bbox 853 1024 957 1100; x_wconf 82' lang='lat' dir='ltr'><strong>templi</strong></span> <span class='ocrx_word' id='word_1_46' title='bbox 970 1026 1036 1084; x_wconf 89' lang='lat' dir='ltr'><strong>tui:</strong></span> <span class='ocrx_word' id='word_1_47' title='bbox 1060 1046 1159 1086; x_wconf 83' lang='lat' dir='ltr'><strong>secun·</strong></span> 
     </span>
     <span class='ocr_line' id='line_1_9' title="bbox 76 1102 900 1175; baseline 0.007 -18"><span class='ocrx_word' id='word_1_48' title='bbox 76 1122 150 1160; x_wconf 62' lang='lat' dir='ltr'><strong>umen</strong></span> <span class='ocrx_word' id='word_1_49' title='bbox 164 1110 260 1175; x_wconf 86' lang='lat' dir='ltr'><strong>tuum,</strong></span> <span class='ocrx_word' id='word_1_50' title='bbox 275 1103 412 1173; x_wconf 82' lang='lat' dir='ltr'><strong>Domine,</strong></span> <span class='ocrx_word' id='word_1_51' title='bbox 427 1103 470 1159; x_wconf 83' lang='lat' dir='ltr'><strong>itu</strong></span> <span class='ocrx_word' id='word_1_52' title='bbox 485 1109 515 1159; x_wconf 87' lang='lat' dir='ltr'><strong>et</strong></span> <span class='ocrx_word' id='word_1_53' title='bbox 528 1103 592 1159; x_wconf 86' lang='lat' dir='ltr'><strong>laus</strong></span> <span class='ocrx_word' id='word_1_54' title='bbox 606 1110 658 1159; x_wconf 88' lang='lat' dir='ltr'><strong>tua</strong></span> <span class='ocrx_word' id='word_1_55' title='bbox 671 1103 703 1158; x_wconf 90' lang='lat' dir='ltr'><strong>in</strong></span> <span class='ocrx_word' id='word_1_56' title='bbox 717 1102 789 1159; x_wconf 85' lang='lat' dir='ltr'><strong>fines</strong></span> <span class='ocrx_word' id='word_1_57' title='bbox 804 1112 900 1163; x_wconf 76' lang='lat' dir='ltr'><strong>terrm.</strong></span> 
     </span>
     <span class='ocr_line' id='line_1_10' title="bbox 76 1183 920 1242; baseline 0.002 -2"><span class='ocrx_word' id='word_1_58' title='bbox 76 1191 102 1240; x_wconf 86' lang='lat' dir='ltr'><strong>rt</strong></span> <span class='ocrx_word' id='word_1_59' title='bbox 115 1183 283 1241; x_wconf 89' lang='lat' dir='ltr'><strong>audivimus</strong></span> <span class='ocrx_word' id='word_1_60' title='bbox 297 1206 303 1241; x_wconf 94' lang='lat'><strong>:</strong></span> <span class='ocrx_word' id='word_1_61' title='bbox 323 1184 411 1241; x_wconf 83' lang='lat' dir='ltr'><strong>itaet</strong></span> <span class='ocrx_word' id='word_1_62' title='bbox 425 1183 553 1240; x_wconf 86' lang='lat' dir='ltr'><strong>vidimus</strong></span> <span class='ocrx_word' id='word_1_63' title='bbox 567 1184 599 1239; x_wconf 89' lang='lat' dir='ltr'><strong>in</strong></span> <span class='ocrx_word' id='word_1_64' title='bbox 613 1184 734 1240; x_wconf 83' lang='lat' dir='ltr'><strong>civitate</strong></span> <span class='ocrx_word' id='word_1_65' title='bbox 749 1184 806 1240; x_wconf 88' lang='lat' dir='ltr'><strong>Dei</strong></span> <span class='ocrx_word' id='word_1_66' title='bbox 821 1186 920 1242; x_wconf 81' lang='lat' dir='ltr'><strong>nostri.</strong></span> 
     </span>
     <span class='ocr_line' id='line_1_11' title="bbox 76 1265 1159 1341; baseline 0.005 -19"><span class='ocrx_word' id='word_1_67' title='bbox 76 1265 168 1341; x_wconf 81' lang='lat' dir='ltr'><strong>eluya</strong></span> <span class='ocrx_word' id='word_1_68' title='bbox 220 1265 247 1322; x_wconf 87' lang='lat' dir='ltr'><strong>V.</strong></span> <span class='ocrx_word' id='word_1_69' title='bbox 270 1265 410 1324; x_wconf 83' lang='lat' dir='ltr'><strong>Adorabo</strong></span> <span class='ocrx_word' id='word_1_70' title='bbox 434 1265 472 1321; x_wconf 81' lang='lat' dir='ltr'><strong>ad</strong></span> <span class='ocrx_word' id='word_1_71' title='bbox 494 1265 638 1341; x_wconf 87' lang='lat' dir='ltr'><strong>templum</strong></span> <span class='ocrx_word' id='word_1_72' title='bbox 660 1272 793 1322; x_wconf 77' lang='lat' dir='ltr'><strong>sanctuni</strong></span> <span class='ocrx_word' id='word_1_73' title='bbox 818 1272 914 1337; x_wconf 87' lang='lat' dir='ltr'><strong>tuum,</strong></span> <span class='ocrx_word' id='word_1_74' title='bbox 940 1273 970 1324; x_wconf 90' lang='lat' dir='ltr'><strong>et</strong></span> <span class='ocrx_word' id='word_1_75' title='bbox 997 1268 1159 1327; x_wconf 87' lang='lat' dir='ltr'><strong>confitebor</strong></span> 
     </span>
     <span class='ocr_line' id='line_1_12' title="bbox 87 1352 148 1404; baseline 0.016 -1"><span class='ocrx_word' id='word_1_76' title='bbox 87 1352 148 1404; x_wconf 91' lang='lat' dir='ltr'><strong>tuo.</strong></span> 
     </span>
     <span class='ocr_line' id='line_1_13' title="bbox 76 1428 181 1486; baseline -0.019 0"><span class='ocrx_word' id='word_1_77' title='bbox 76 1428 181 1486; x_wconf 66' lang='lat' dir='ltr'><strong>neritia.</strong></span> 
     </span>
     <span class='ocr_line' id='line_1_14' title="bbox 120 1507 809 1583; baseline -0.003 -18"><span class='ocrx_word' id='word_1_78' title='bbox 120 1509 188 1566; x_wconf 86' lang='lat' dir='ltr'><strong>Hac</strong></span> <span class='ocrx_word' id='word_1_79' title='bbox 202 1507 280 1565; x_wconf 85' lang='lat' dir='ltr'><strong>clara</strong></span> <span class='ocrx_word' id='word_1_80' title='bbox 294 1508 342 1565; x_wconf 90' lang='lat' dir='ltr'><strong>die</strong></span> <span class='ocrx_word' id='word_1_81' title='bbox 356 1514 456 1565; x_wconf 88' lang='lat' dir='ltr'><strong>turma</strong></span> <span class='ocrx_word' id='word_1_82' title='bbox 469 1507 576 1565; x_wconf 83' lang='lat' dir='ltr'><strong>festiva</strong></span> <span class='ocrx_word' id='word_1_83' title='bbox 589 1507 642 1564; x_wconf 82' lang='lat' dir='ltr'><strong>dat</strong></span> <span class='ocrx_word' id='word_1_84' title='bbox 655 1508 809 1583; x_wconf 78' lang='lat' dir='ltr'><strong>praeconio,</strong></span> 
     </span>
     <span class='ocr_line' id='line_1_15' title="bbox 120 1587 825 1665; baseline -0.001 -18"><span class='ocrx_word' id='word_1_85' title='bbox 120 1589 249 1647; x_wconf 81' lang='lat' dir='ltr'><strong>Mariam</strong></span> <span class='ocrx_word' id='word_1_86' title='bbox 263 1589 464 1665; x_wconf 84' lang='lat' dir='ltr'><strong>concrepando</strong></span> <span class='ocrx_word' id='word_1_87' title='bbox 479 1587 654 1664; x_wconf 80' lang='lat' dir='ltr'><strong>symphonia</strong></span> <span class='ocrx_word' id='word_1_88' title='bbox 668 1594 805 1646; x_wconf 81' lang='lat' dir='ltr'><strong>nectarea</strong></span> <span class='ocrx_word' id='word_1_89' title='bbox 817 1609 825 1660; x_wconf 87' lang='lat'>;</span> 
     </span>
     <span class='ocr_line' id='line_1_16' title="bbox 120 1669 1063 1748; baseline 0.001 -21"><span class='ocrx_word' id='word_1_90' title='bbox 120 1670 229 1727; x_wconf 90' lang='lat' dir='ltr'><strong>Mundi</strong></span> <span class='ocrx_word' id='word_1_91' title='bbox 244 1670 374 1728; x_wconf 86' lang='lat' dir='ltr'><strong>Domina</strong></span> <span class='ocrx_word' id='word_1_92' title='bbox 387 1690 453 1746; x_wconf 84' lang='lat' dir='ltr'><strong>quae</strong></span> <span class='ocrx_word' id='word_1_93' title='bbox 467 1676 512 1726; x_wconf 87' lang='lat' dir='ltr'><strong>est</strong></span> <span class='ocrx_word' id='word_1_94' title='bbox 526 1669 587 1726; x_wconf 86' lang='lat' dir='ltr'><strong>sola</strong></span> <span class='ocrx_word' id='word_1_95' title='bbox 601 1669 764 1726; x_wconf 76' lang='lat' dir='ltr'><strong>castissima</strong></span> <span class='ocrx_word' id='word_1_96' title='bbox 778 1670 928 1745; x_wconf 85' lang='lat' dir='ltr'><strong>virginum</strong></span> <span class='ocrx_word' id='word_1_97' title='bbox 942 1672 1063 1748; x_wconf 85' lang='lat' dir='ltr'><strong>regina;</strong></span> 
     </span>
     <span class='ocr_line' id='line_1_17' title="bbox 119 1750 953 1827; baseline -0.001 -18"><span class='ocrx_word' id='word_1_98' title='bbox 119 1750 230 1810; x_wconf 81' lang='lat' dir='ltr'><strong>Salutis</strong></span> <span class='ocrx_word' id='word_1_99' title='bbox 244 1770 338 1820; x_wconf 87' lang='lat' dir='ltr'><strong>causa,</strong></span> <span class='ocrx_word' id='word_1_100' title='bbox 355 1751 424 1808; x_wconf 71' lang='lat' dir='ltr'><strong>vitos</strong></span> <span class='ocrx_word' id='word_1_101' title='bbox 439 1758 532 1827; x_wconf 83' lang='lat' dir='ltr'><strong>porta,</strong></span> <span class='ocrx_word' id='word_1_102' title='bbox 548 1758 637 1826; x_wconf 84' lang='lat' dir='ltr'><strong>atque</strong></span> <span class='ocrx_word' id='word_1_103' title='bbox 651 1751 715 1807; x_wconf 84' lang='lat' dir='ltr'><strong>eseli</strong></span> <span class='ocrx_word' id='word_1_104' title='bbox 728 1750 837 1807; x_wconf 83' lang='lat' dir='ltr'><strong>referta</strong></span> <span class='ocrx_word' id='word_1_105' title='bbox 849 1751 953 1826; x_wconf 80' lang='lat' dir='ltr'><strong>gratia</strong></span> 
     </span>
     <span class='ocr_line' id='line_1_18' title="bbox 121 1831 893 1907; baseline -0.001 -18"><span class='ocrx_word' id='word_1_106' title='bbox 121 1832 200 1889; x_wconf 86' lang='lat' dir='ltr'><strong>Nam</strong></span> <span class='ocrx_word' id='word_1_107' title='bbox 215 1832 253 1888; x_wconf 87' lang='lat' dir='ltr'><strong>ad</strong></span> <span class='ocrx_word' id='word_1_108' title='bbox 267 1833 350 1889; x_wconf 90' lang='lat' dir='ltr'><strong>illam</strong></span> <span class='ocrx_word' id='word_1_109' title='bbox 363 1839 434 1890; x_wconf 89' lang='lat' dir='ltr'><strong>sunt</strong></span> <span class='ocrx_word' id='word_1_110' title='bbox 447 1832 555 1888; x_wconf 86' lang='lat' dir='ltr'><strong>nuntia</strong></span> <span class='ocrx_word' id='word_1_111' title='bbox 568 1831 639 1888; x_wconf 92' lang='lat' dir='ltr'><strong>olim</strong></span> <span class='ocrx_word' id='word_1_112' title='bbox 652 1831 730 1889; x_wconf 80' lang='lat' dir='ltr'><strong>faeta</strong></span> <span class='ocrx_word' id='word_1_113' title='bbox 743 1831 893 1907; x_wconf 85' lang='lat' dir='ltr'><strong>angelica:</strong></span> 
     </span>
     <span class='ocr_line' id='line_1_19' title="bbox 121 1911 809 1990; baseline -0.001 -20"><span class='ocrx_word' id='word_1_114' title='bbox 121 1915 197 1984; x_wconf 84' lang='lat' dir='ltr'><strong>Ave,</strong></span> <span class='ocrx_word' id='word_1_115' title='bbox 215 1913 322 1984; x_wconf 81' lang='lat' dir='ltr'><strong>Maria,</strong></span> <span class='ocrx_word' id='word_1_116' title='bbox 338 1913 434 1990; x_wconf 85' lang='lat' dir='ltr'><strong>gratia</strong></span> <span class='ocrx_word' id='word_1_117' title='bbox 447 1912 506 1969; x_wconf 88' lang='lat' dir='ltr'><strong>Dei</strong></span> <span class='ocrx_word' id='word_1_118' title='bbox 519 1911 607 1988; x_wconf 89' lang='lat' dir='ltr'><strong>plena</strong></span> <span class='ocrx_word' id='word_1_119' title='bbox 616 1931 670 1988; x_wconf 91' lang='lat' dir='ltr'><strong>per</strong></span> <span class='ocrx_word' id='word_1_120' title='bbox 682 1913 788 1970; x_wconf 85' lang='lat' dir='ltr'><strong>saeeula</strong></span> <span class='ocrx_word' id='word_1_121' title='bbox 800 1932 809 1983; x_wconf 90' lang='lat'>;</span> 
     </span>
     <span class='ocr_line' id='line_1_20' title="bbox 121 1993 887 2070; baseline 0 -19"><span class='ocrx_word' id='word_1_122' title='bbox 121 1994 285 2052; x_wconf 89' lang='lat' dir='ltr'><strong>Mulierum</strong></span> <span class='ocrx_word' id='word_1_123' title='bbox 301 1995 348 2070; x_wconf 88' lang='lat' dir='ltr'><strong>pia</strong></span> <span class='ocrx_word' id='word_1_124' title='bbox 363 1995 482 2069; x_wconf 78' lang='lat' dir='ltr'><strong>agmina</strong></span> <span class='ocrx_word' id='word_1_125' title='bbox 494 1993 576 2050; x_wconf 88' lang='lat' dir='ltr'><strong>intra</strong></span> <span class='ocrx_word' id='word_1_126' title='bbox 588 2012 703 2069; x_wconf 84' lang='lat' dir='ltr'><strong>semper</strong></span> <span class='ocrx_word' id='word_1_127' title='bbox 716 1993 887 2051; x_wconf 82' lang='lat' dir='ltr'><strong>benedicte:</strong></span> 
     </span>
     <span class='ocr_line' id='line_1_21' title="bbox 122 2073 883 2153; baseline 0.003 -23"><span class='ocrx_word' id='word_1_128' title='bbox 122 2076 217 2153; x_wconf 86' lang='lat' dir='ltr'><strong>Virgo</strong></span> <span class='ocrx_word' id='word_1_129' title='bbox 231 2081 262 2132; x_wconf 88' lang='lat' dir='ltr'><strong>et</strong></span> <span class='ocrx_word' id='word_1_130' title='bbox 275 2074 406 2152; x_wconf 77' lang='lat' dir='ltr'><strong>gravida,</strong></span> <span class='ocrx_word' id='word_1_131' title='bbox 422 2080 517 2132; x_wconf 82' lang='lat' dir='ltr'><strong>mater</strong></span> <span class='ocrx_word' id='word_1_132' title='bbox 530 2076 643 2131; x_wconf 85' lang='lat' dir='ltr'><strong>intaeta</strong></span> <span class='ocrx_word' id='word_1_133' title='bbox 656 2073 737 2150; x_wconf 92' lang='lat' dir='ltr'><strong>prole</strong></span> <span class='ocrx_word' id='word_1_134' title='bbox 750 2074 883 2150; x_wconf 89' lang='lat' dir='ltr'><strong>gloriosa.</strong></span> 
     </span>
     <span class='ocr_line' id='line_1_22' title="bbox 122 2155 739 2215; baseline -0.005 -1"><span class='ocrx_word' id='word_1_135' title='bbox 122 2157 177 2214; x_wconf 78' lang='lat' dir='ltr'><strong>eui</strong></span> <span class='ocrx_word' id='word_1_136' title='bbox 191 2165 296 2215; x_wconf 85' lang='lat' dir='ltr'><strong>eontra</strong></span> <span class='ocrx_word' id='word_1_137' title='bbox 310 2156 408 2213; x_wconf 85' lang='lat' dir='ltr'><strong>Maria</strong></span> <span class='ocrx_word' id='word_1_138' title='bbox 422 2156 483 2213; x_wconf 79' lang='lat' dir='ltr'><strong>haee</strong></span> <span class='ocrx_word' id='word_1_139' title='bbox 497 2155 595 2212; x_wconf 91' lang='lat' dir='ltr'><strong>reddit</strong></span> <span class='ocrx_word' id='word_1_140' title='bbox 607 2155 720 2212; x_wconf 83' lang='lat' dir='ltr'><strong>famina</strong></span> <span class='ocrx_word' id='word_1_141' title='bbox 733 2176 739 2211; x_wconf 91' lang='lat'>:</span> 
     </span>
     <span class='ocr_line' id='line_1_23' title="bbox 122 2236 749 2314; baseline -0.006 -19"><span class='ocrx_word' id='word_1_142' title='bbox 122 2238 159 2295; x_wconf 93' lang='lat' dir='ltr'><strong>In</strong></span> <span class='ocrx_word' id='word_1_143' title='bbox 173 2258 220 2296; x_wconf 92' lang='lat' dir='ltr'><strong>me</strong></span> <span class='ocrx_word' id='word_1_144' title='bbox 235 2238 380 2314; x_wconf 90' lang='lat' dir='ltr'><strong>quomodo</strong></span> <span class='ocrx_word' id='word_1_145' title='bbox 395 2244 447 2295; x_wconf 83' lang='lat' dir='ltr'><strong>tua</strong></span> <span class='ocrx_word' id='word_1_146' title='bbox 456 2238 520 2313; x_wconf 87' lang='lat' dir='ltr'><strong>jam</strong></span> <span class='ocrx_word' id='word_1_147' title='bbox 534 2238 608 2292; x_wconf 82' lang='lat' dir='ltr'><strong>fient</strong></span> <span class='ocrx_word' id='word_1_148' title='bbox 621 2236 749 2292; x_wconf 75' lang='lat' dir='ltr'><strong>nuntiat</strong></span> 
     </span>
     <span class='ocr_line' id='line_1_24' title="bbox 122 2316 661 2394; baseline -0.002 -20"><span class='ocrx_word' id='word_1_149' title='bbox 122 2318 191 2376; x_wconf 83' lang='lat' dir='ltr'><strong>Viri</strong></span> <span class='ocrx_word' id='word_1_150' title='bbox 201 2319 272 2375; x_wconf 89' lang='lat' dir='ltr'><strong>novi</strong></span> <span class='ocrx_word' id='word_1_151' title='bbox 287 2318 400 2376; x_wconf 84' lang='lat' dir='ltr'><strong>nnllam</strong></span> <span class='ocrx_word' id='word_1_152' title='bbox 414 2325 493 2375; x_wconf 88' lang='lat' dir='ltr'><strong>certe</strong></span> <span class='ocrx_word' id='word_1_153' title='bbox 506 2316 661 2394; x_wconf 87' lang='lat' dir='ltr'><strong>copulam;</strong></span> 
     </span>
     <span class='ocr_line' id='line_1_25' title="bbox 121 2398 703 2475; baseline -0.003 -19"><span class='ocrx_word' id='word_1_154' title='bbox 121 2399 168 2456; x_wconf 87' lang='lat' dir='ltr'><strong>Ex</strong></span> <span class='ocrx_word' id='word_1_155' title='bbox 182 2419 243 2475; x_wconf 90' lang='lat' dir='ltr'><strong>quo</strong></span> <span class='ocrx_word' id='word_1_156' title='bbox 256 2405 346 2475; x_wconf 84' lang='lat' dir='ltr'><strong>atque</strong></span> <span class='ocrx_word' id='word_1_157' title='bbox 359 2407 432 2456; x_wconf 83' lang='lat' dir='ltr'><strong>nata</strong></span> <span class='ocrx_word' id='word_1_158' title='bbox 445 2418 511 2456; x_wconf 90' lang='lat' dir='ltr'><strong>sum</strong></span> <span class='ocrx_word' id='word_1_159' title='bbox 525 2398 703 2474; x_wconf 86' lang='lat' dir='ltr'><strong>incorrupta</strong></span> 
     </span>
     <span class='ocr_line' id='line_1_26' title="bbox 124 2479 612 2551; baseline -0.002 -14"><span class='ocrx_word' id='word_1_160' title='bbox 124 2480 202 2538; x_wconf 87' lang='lat' dir='ltr'><strong>Diva</strong></span> <span class='ocrx_word' id='word_1_161' title='bbox 216 2481 321 2537; x_wconf 86' lang='lat' dir='ltr'><strong>missus</strong></span> <span class='ocrx_word' id='word_1_162' title='bbox 335 2480 379 2537; x_wconf 87' lang='lat' dir='ltr'><strong>ita</strong></span> <span class='ocrx_word' id='word_1_163' title='bbox 392 2479 489 2537; x_wconf 86' lang='lat' dir='ltr'><strong>reddit</strong></span> <span class='ocrx_word' id='word_1_164' title='bbox 502 2479 592 2537; x_wconf 83' lang='lat' dir='ltr'><strong>affata</strong></span> <span class='ocrx_word' id='word_1_165' title='bbox 603 2499 612 2551; x_wconf 89' lang='lat'>;</span> 
     </span>
     <span class='ocr_line' id='line_1_27' title="bbox 122 2560 601 2638; baseline -0.004 -20"><span class='ocrx_word' id='word_1_166' title='bbox 122 2561 211 2618; x_wconf 82' lang='lat' dir='ltr'><strong>Flatu</strong></span> <span class='ocrx_word' id='word_1_167' title='bbox 221 2581 304 2618; x_wconf 83' lang='lat' dir='ltr'><strong>sacro</strong></span> <span class='ocrx_word' id='word_1_168' title='bbox 318 2561 406 2638; x_wconf 90' lang='lat' dir='ltr'><strong>plena</strong></span> <span class='ocrx_word' id='word_1_169' title='bbox 418 2561 479 2633; x_wconf 74' lang='lat' dir='ltr'><strong>fiee,</strong></span> <span class='ocrx_word' id='word_1_170' title='bbox 494 2560 601 2630; x_wconf 83' lang='lat' dir='ltr'><strong>Maria,</strong></span> 
     </span>
     <span class='ocr_line' id='line_1_28' title="bbox 122 2640 968 2719; baseline -0.002 -19"><span class='ocrx_word' id='word_1_171' title='bbox 122 2642 209 2700; x_wconf 85' lang='lat' dir='ltr'><strong>Nova</strong></span> <span class='ocrx_word' id='word_1_172' title='bbox 223 2643 346 2700; x_wconf 84' lang='lat' dir='ltr'><strong>efferens</strong></span> <span class='ocrx_word' id='word_1_173' title='bbox 359 2641 558 2719; x_wconf 71' lang='lat' dir='ltr'><strong>gaudianam,</strong></span> <span class='ocrx_word' id='word_1_174' title='bbox 574 2646 670 2711; x_wconf 79' lang='lat' dir='ltr'><strong>terroe,</strong></span> <span class='ocrx_word' id='word_1_175' title='bbox 684 2640 748 2697; x_wconf 84' lang='lat' dir='ltr'><strong>nati</strong></span> <span class='ocrx_word' id='word_1_176' title='bbox 763 2659 816 2716; x_wconf 88' lang='lat' dir='ltr'><strong>per</strong></span> <span class='ocrx_word' id='word_1_177' title='bbox 829 2641 968 2699; x_wconf 82' lang='lat' dir='ltr'><strong>exordia:</strong></span> 
     </span>
     <span class='ocr_line' id='line_1_29' title="bbox 123 2721 975 2798; baseline 0 -19"><span class='ocrx_word' id='word_1_178' title='bbox 123 2722 208 2781; x_wconf 88' lang='lat' dir='ltr'><strong>Intra</strong></span> <span class='ocrx_word' id='word_1_179' title='bbox 221 2725 267 2780; x_wconf 89' lang='lat' dir='ltr'><strong>tui</strong></span> <span class='ocrx_word' id='word_1_180' title='bbox 282 2724 361 2780; x_wconf 85' lang='lat' dir='ltr'><strong>uteri</strong></span> <span class='ocrx_word' id='word_1_181' title='bbox 375 2723 503 2780; x_wconf 85' lang='lat' dir='ltr'><strong>claustra</strong></span> <span class='ocrx_word' id='word_1_182' title='bbox 516 2730 617 2798; x_wconf 88' lang='lat' dir='ltr'><strong>portas</strong></span> <span class='ocrx_word' id='word_1_183' title='bbox 631 2721 684 2797; x_wconf 90' lang='lat' dir='ltr'><strong>qni</strong></span> <span class='ocrx_word' id='word_1_184' title='bbox 696 2721 843 2798; x_wconf 79' lang='lat' dir='ltr'><strong>gubernat</strong></span> <span class='ocrx_word' id='word_1_185' title='bbox 856 2721 975 2787; x_wconf 73' lang='lat' dir='ltr'><strong>aethera,</strong></span> 
     </span>
     <span class='ocr_line' id='line_1_30' title="bbox 124 2803 651 2880; baseline -0.002 -19"><span class='ocrx_word' id='word_1_186' title='bbox 124 2804 230 2862; x_wconf 85' lang='lat' dir='ltr'><strong>Omnia</strong></span> <span class='ocrx_word' id='word_1_187' title='bbox 243 2805 296 2880; x_wconf 87' lang='lat' dir='ltr'><strong>qui</strong></span> <span class='ocrx_word' id='word_1_188' title='bbox 311 2804 363 2861; x_wconf 89' lang='lat' dir='ltr'><strong>dat</strong></span> <span class='ocrx_word' id='word_1_189' title='bbox 376 2810 510 2880; x_wconf 85' lang='lat' dir='ltr'><strong>tempora</strong></span> <span class='ocrx_word' id='word_1_190' title='bbox 524 2803 651 2880; x_wconf 74' lang='lat' dir='ltr'><strong>pacifica.</strong></span> 
     </span>
     <span class='ocr_line' id='line_1_31' title="bbox 76 2878 221 2943; baseline 0.021 -3"><span class='ocrx_word' id='word_1_191' title='bbox 76 2878 221 2943; x_wconf 65' lang='lat' dir='ltr'><strong>inactus.</strong></span> 
     </span>
     <span class='ocr_line' id='line_1_32' title="bbox 76 2964 901 3041; baseline 0 -20"><span class='ocrx_word' id='word_1_192' title='bbox 76 2964 135 3037; x_wconf 80' lang='lat' dir='ltr'><strong>nde,</strong></span> <span class='ocrx_word' id='word_1_193' title='bbox 149 2967 249 3024; x_wconf 84' lang='lat' dir='ltr'><strong>Maria</strong></span> <span class='ocrx_word' id='word_1_194' title='bbox 262 2966 355 3041; x_wconf 84' lang='lat' dir='ltr'><strong>virgo,</strong></span> <span class='ocrx_word' id='word_1_195' title='bbox 370 2971 491 3023; x_wconf 83' lang='lat' dir='ltr'><strong>cunetas</strong></span> <span class='ocrx_word' id='word_1_196' title='bbox 503 2965 627 3022; x_wconf 86' lang='lat' dir='ltr'><strong>haereses</strong></span> <span class='ocrx_word' id='word_1_197' title='bbox 640 2964 703 3021; x_wconf 89' lang='lat' dir='ltr'><strong>sola</strong></span> <span class='ocrx_word' id='word_1_198' title='bbox 715 2964 901 3022; x_wconf 76' lang='lat' dir='ltr'><strong>interemisti.</strong></span> 
     </span>
     <span class='ocr_line' id='line_1_33' title="bbox 77 3045 701 3123; baseline -0.002 -19"><span class='ocrx_word' id='word_1_199' title='bbox 77 3061 98 3098; x_wconf 75' lang='lat' dir='ltr'>ae</span> <span class='ocrx_word' id='word_1_200' title='bbox 111 3046 253 3105; x_wconf 85' lang='lat' dir='ltr'><strong>Gabrielis</strong></span> <span class='ocrx_word' id='word_1_201' title='bbox 267 3046 433 3123; x_wconf 76' lang='lat' dir='ltr'><strong>archangeli</strong></span> <span class='ocrx_word' id='word_1_202' title='bbox 444 3046 531 3103; x_wconf 86' lang='lat' dir='ltr'><strong>dietis</strong></span> <span class='ocrx_word' id='word_1_203' title='bbox 544 3045 701 3103; x_wconf 77' lang='lat' dir='ltr'><strong>credidisti.</strong></span> 
     </span>
     <span class='ocr_line' id='line_1_34' title="bbox 76 3126 1160 3206; baseline 0.005 -26"><span class='ocrx_word' id='word_1_204' title='bbox 76 3141 106 3180; x_wconf 89' lang='lat' dir='ltr'><strong>m</strong></span> <span class='ocrx_word' id='word_1_205' title='bbox 124 3129 204 3206; x_wconf 82' lang='lat' dir='ltr'><strong>virgo</strong></span> <span class='ocrx_word' id='word_1_206' title='bbox 227 3129 325 3185; x_wconf 88' lang='lat' dir='ltr'><strong>Deum</strong></span> <span class='ocrx_word' id='word_1_207' title='bbox 356 3136 387 3186; x_wconf 86' lang='lat' dir='ltr'><strong>et</strong></span> <span class='ocrx_word' id='word_1_208' title='bbox 418 3127 567 3184; x_wconf 88' lang='lat' dir='ltr'><strong>hominem</strong></span> <span class='ocrx_word' id='word_1_209' title='bbox 599 3126 737 3203; x_wconf 74' lang='lat' dir='ltr'><strong>gemuisti,</strong></span> <span class='ocrx_word' id='word_1_210' title='bbox 765 3131 796 3183; x_wconf 91' lang='lat' dir='ltr'><strong>et</strong></span> <span class='ocrx_word' id='word_1_211' title='bbox 827 3131 893 3202; x_wconf 86' lang='lat' dir='ltr'><strong>post</strong></span> <span class='ocrx_word' id='word_1_212' title='bbox 926 3133 1044 3202; x_wconf 84' lang='lat' dir='ltr'><strong>partum</strong></span> <span class='ocrx_word' id='word_1_213' title='bbox 1077 3127 1160 3204; x_wconf 84' lang='lat' dir='ltr'><strong>virgo</strong></span> 
     </span>
     <span class='ocr_line' id='line_1_35' title="bbox 76 3209 313 3284; baseline 0.008 -22"><span class='ocrx_word' id='word_1_214' title='bbox 76 3210 109 3262; x_wconf 59' lang='lat' dir='ltr'><strong>tta</strong></span> <span class='ocrx_word' id='word_1_215' title='bbox 122 3209 313 3284; x_wconf 81' lang='lat' dir='ltr'><strong>permansisti.</strong></span> 
     </span>
     <span class='ocr_line' id='line_1_36' title="bbox 76 3281 569 3365; baseline 0.002 -20"><span class='ocrx_word' id='word_1_216' title='bbox 76 3281 85 3336; x_wconf 81' lang='lat' dir='ltr'><strong>i</strong></span> <span class='ocrx_word' id='word_1_217' title='bbox 97 3291 234 3361; x_wconf 83' lang='lat' dir='ltr'><strong>genetrix,</strong></span> <span class='ocrx_word' id='word_1_218' title='bbox 249 3290 396 3347; x_wconf 86' lang='lat' dir='ltr'><strong>intercede</strong></span> <span class='ocrx_word' id='word_1_219' title='bbox 410 3309 463 3365; x_wconf 92' lang='lat' dir='ltr'><strong>pro</strong></span> <span class='ocrx_word' id='word_1_220' title='bbox 477 3289 569 3346; x_wconf 86' lang='lat' dir='ltr'><strong>nobis.</strong></span> 
     </span>
     <span class='ocr_line' id='line_1_37' title="bbox 76 3369 514 3447; baseline 0.002 -21"><span class='ocrx_word' id='word_1_221' title='bbox 76 3370 189 3429; x_wconf 67' lang='lat' dir='ltr'><strong>audiun</strong></span> <span class='ocrx_word' id='word_1_222' title='bbox 203 3371 317 3428; x_wconf 77' lang='lat' dir='ltr'><strong>Lacone</strong></span> <span class='ocrx_word' id='word_1_223' title='bbox 331 3370 380 3445; x_wconf 80' lang='lat' dir='ltr'><strong>(ii.</strong></span> <span class='ocrx_word' id='word_1_224' title='bbox 398 3369 514 3447; x_wconf 78' lang='grc'><strong><em>22-32).</em></strong></span> 
     </span>
     <span class='ocr_line' id='line_1_38' title="bbox 89 3445 1194 3529; baseline 0.01 -29"><span class='ocrx_word' id='word_1_225' title='bbox 89 3445 134 3507; x_wconf 92' lang='lat' dir='ltr'><strong>illo</strong></span> <span class='ocrx_word' id='word_1_226' title='bbox 153 3460 293 3529; x_wconf 80' lang='lat' dir='ltr'><strong>tempore,</strong></span> <span class='ocrx_word' id='word_1_227' title='bbox 310 3450 471 3527; x_wconf 89' lang='lat' dir='ltr'><strong>Postquam</strong></span> <span class='ocrx_word' id='word_1_228' title='bbox 493 3450 608 3527; x_wconf 87' lang='lat' dir='ltr'><strong>impleti</strong></span> <span class='ocrx_word' id='word_1_229' title='bbox 633 3456 704 3507; x_wconf 72' lang='lat' dir='ltr'><strong>sumt</strong></span> <span class='ocrx_word' id='word_1_230' title='bbox 725 3450 786 3508; x_wconf 89' lang='lat' dir='ltr'><strong>dies</strong></span> <span class='ocrx_word' id='word_1_231' title='bbox 809 3449 993 3528; x_wconf 83' lang='lat' dir='ltr'><strong>purgationis</strong></span> <span class='ocrx_word' id='word_1_232' title='bbox 1013 3472 1104 3529; x_wconf 78' lang='lat' dir='ltr'><strong>usque</strong></span> <span class='ocrx_word' id='word_1_233' title='bbox 1120 3453 1161 3510; x_wconf 81' lang='lat' dir='ltr'><strong>ad</strong></span> <span class='ocrx_word' id='word_1_234' title='bbox 1191 3460 1194 3465; x_wconf 88' lang='lat'>&#39;</span> 
     </span>
     <span class='ocr_line' id='line_1_39' title="bbox 77 3529 588 3591; baseline 0.004 -4"><span class='ocrx_word' id='word_1_235' title='bbox 77 3529 129 3587; x_wconf 70' lang='lat' dir='ltr'><strong>tua</strong></span> <span class='ocrx_word' id='word_1_236' title='bbox 142 3532 240 3591; x_wconf 88' lang='lat' dir='ltr'><strong>Israel.</strong></span> <span class='ocrx_word' id='word_1_237' title='bbox 586 3540 588 3545; x_wconf 88' lang='lat'>&#39;</span> 
     </span>
     <span class='ocr_line' id='line_1_40' title="bbox 76 3607 128 3668; baseline 0.077 -4"><span class='ocrx_word' id='word_1_238' title='bbox 76 3607 128 3668; x_wconf 57' lang='lat' dir='ltr'><strong>mo.</strong></span> 
     </span>
     <span class='ocr_line' id='line_1_41' title="bbox 76 3684 215 3753; baseline 0.029 -3"><span class='ocrx_word' id='word_1_239' title='bbox 76 3684 215 3753; x_wconf 72' lang='lat' dir='ltr'><strong>brorium.</strong></span> 
     </span>
     <span class='ocr_line' id='line_1_42' title="bbox 77 3764 1159 3854; baseline 0 -22"><span class='ocrx_word' id='word_1_240' title='bbox 77 3764 141 3832; x_wconf 82' lang='lat' dir='ltr'><strong>ffuse</strong></span> <span class='ocrx_word' id='word_1_241' title='bbox 159 3784 203 3834; x_wconf 82' lang='lat' dir='ltr'><strong>est</strong></span> <span class='ocrx_word' id='word_1_242' title='bbox 225 3776 322 3854; x_wconf 82' lang='lat' dir='ltr'><strong>gratia</strong></span> <span class='ocrx_word' id='word_1_243' title='bbox 345 3776 377 3832; x_wconf 92' lang='lat' dir='ltr'><strong>in</strong></span> <span class='ocrx_word' id='word_1_244' title='bbox 401 3775 486 3832; x_wconf 87' lang='lat' dir='ltr'><strong>labiis</strong></span> <span class='ocrx_word' id='word_1_245' title='bbox 508 3774 586 3846; x_wconf 88' lang='lat' dir='ltr'><strong>tuis;</strong></span> <span class='ocrx_word' id='word_1_246' title='bbox 607 3779 761 3850; x_wconf 83' lang='lat' dir='ltr'><strong>propterea</strong></span> <span class='ocrx_word' id='word_1_247' title='bbox 789 3773 943 3832; x_wconf 83' lang='lat' dir='ltr'><strong>benedixit</strong></span> <span class='ocrx_word' id='word_1_248' title='bbox 969 3781 1000 3833; x_wconf 88' lang='lat' dir='ltr'><strong>to</strong></span> <span class='ocrx_word' id='word_1_249' title='bbox 1021 3775 1104 3834; x_wconf 85' lang='lat' dir='ltr'><strong>Deus</strong></span> <span class='ocrx_word' id='word_1_250' title='bbox 1126 3775 1159 3833; x_wconf 89' lang='lat' dir='ltr'><strong>in</strong></span> 
     </span>
     <span class='ocr_line' id='line_1_43' title="bbox 76 3856 469 3915; baseline 0.005 -4"><span class='ocrx_word' id='word_1_251' title='bbox 76 3864 112 3906; x_wconf 79' lang='lat'>1111</span> <span class='ocrx_word' id='word_1_252' title='bbox 124 3863 151 3912; x_wconf 86' lang='lat' dir='ltr'><strong>et</strong></span> <span class='ocrx_word' id='word_1_253' title='bbox 163 3858 195 3915; x_wconf 91' lang='lat' dir='ltr'><strong>in</strong></span> <span class='ocrx_word' id='word_1_254' title='bbox 209 3856 350 3915; x_wconf 78' lang='lat' dir='ltr'><strong>saeculum</strong></span> <span class='ocrx_word' id='word_1_255' title='bbox 363 3856 469 3915; x_wconf 80' lang='lat' dir='ltr'><strong>soeeul&#39;n</strong></span> 
     </span>
     <span class='ocr_line' id='line_1_44' title="bbox 76 3943 145 3993; baseline 0.101 -6"><span class='ocrx_word' id='word_1_256' title='bbox 76 3943 145 3993; x_wconf 78' lang='lat' dir='ltr'><strong>creto.</strong></span> 
     </span>
     <span class='ocr_line' id='line_1_45' title="bbox 76 4015 1159 4096; baseline 0.003 -24"><span class='ocrx_word' id='word_1_257' title='bbox 76 4015 152 4089; x_wconf 61' lang='lat' dir='ltr'><strong>tandi,</strong></span> <span class='ocrx_word' id='word_1_258' title='bbox 173 4019 311 4089; x_wconf 82' lang='lat' dir='ltr'><strong>Domine,</strong></span> <span class='ocrx_word' id='word_1_259' title='bbox 333 4038 432 4096; x_wconf 82' lang='lat' dir='ltr'><strong>preces</strong></span> <span class='ocrx_word' id='word_1_260' title='bbox 457 4023 590 4089; x_wconf 87' lang='lat' dir='ltr'><strong>nostras;</strong></span> <span class='ocrx_word' id='word_1_261' title='bbox 621 4023 660 4087; x_wconf 87' lang='lat' dir='ltr'><strong>et,</strong></span> <span class='ocrx_word' id='word_1_262' title='bbox 682 4023 718 4074; x_wconf 90' lang='lat' dir='ltr'><strong>nt</strong></span> <span class='ocrx_word' id='word_1_263' title='bbox 741 4015 832 4092; x_wconf 85' lang='lat' dir='ltr'><strong>digna</strong></span> <span class='ocrx_word' id='word_1_264' title='bbox 857 4016 918 4073; x_wconf 86' lang='lat' dir='ltr'><strong>sint</strong></span> <span class='ocrx_word' id='word_1_265' title='bbox 945 4036 1068 4075; x_wconf 87' lang='lat' dir='ltr'><strong>munera</strong></span> <span class='ocrx_word' id='word_1_266' title='bbox 1094 4037 1159 4094; x_wconf 84' lang='lat' dir='ltr'><strong>qnae</strong></span> 
     </span>
     <span class='ocr_line' id='line_1_46' title="bbox 84 4093 1159 4180; baseline 0.003 -26"><span class='ocrx_word' id='word_1_267' title='bbox 84 4093 311 4180; x_wconf 28' lang='lat' dir='ltr'><strong>buntmajestatis</strong></span> <span class='ocrx_word' id='word_1_268' title='bbox 327 4100 484 4172; x_wconf 83' lang='lat' dir='ltr'><strong>offerimus,</strong></span> <span class='ocrx_word' id='word_1_269' title='bbox 506 4093 670 4157; x_wconf 84' lang='lat' dir='ltr'><strong>subsidium</strong></span> <span class='ocrx_word' id='word_1_270' title='bbox 690 4105 750 4155; x_wconf 76' lang='lat' dir='ltr'><strong>tuse</strong></span> <span class='ocrx_word' id='word_1_271' title='bbox 770 4097 890 4174; x_wconf 86' lang='lat' dir='ltr'><strong>pietatis</strong></span> <span class='ocrx_word' id='word_1_272' title='bbox 910 4098 994 4156; x_wconf 81' lang='lat' dir='ltr'><strong>nobis</strong></span> <span class='ocrx_word' id='word_1_273' title='bbox 1014 4098 1159 4177; x_wconf 86' lang='lat' dir='ltr'><strong>impende.</strong></span> 
     </span>
    </p>
   </div>
   <div class='ocr_carea' id='block_1_3' title="bbox 76 4255 1159 4566">
    <p class='ocr_par' dir='ltr' id='par_1_3' title="bbox 76 4255 509 4340">
     <span class='ocr_line' id='line_1_47' title="bbox 76 4255 509 4340; baseline 0.007 -23"><span class='ocrx_word' id='word_1_274' title='bbox 76 4255 173 4327; x_wconf 67' lang='lat' dir='ltr'><strong>*osuiu</strong></span> <span class='ocrx_word' id='word_1_275' title='bbox 216 4262 276 4334; x_wconf 87' lang='lat' dir='ltr'><strong>Qui</strong></span> <span class='ocrx_word' id='word_1_276' title='bbox 289 4281 343 4340; x_wconf 92' lang='lat' dir='ltr'><strong>per</strong></span> <span class='ocrx_word' id='word_1_277' title='bbox 356 4261 509 4320; x_wconf 83' lang='lat' dir='ltr'><strong>incarnati</strong></span> 
     </span>
    </p>

    <p class='ocr_par' dir='ltr' id='par_1_4' title="bbox 76 4344 206 4402">
     <span class='ocr_line' id='line_1_48' title="bbox 76 4344 206 4402; baseline 0.046 -5"><span class='ocrx_word' id='word_1_278' title='bbox 76 4344 206 4402; x_wconf 63' lang='lat' dir='ltr'><strong>romans.</strong></span> 
     </span>
    </p>

    <p class='ocr_par' dir='ltr' id='par_1_5' title="bbox 76 4421 1159 4566">
     <span class='ocr_line' id='line_1_49' title="bbox 76 4421 1159 4503; baseline 0.005 -24"><span class='ocrx_word' id='word_1_279' title='bbox 76 4427 207 4502; x_wconf 43' lang='lat' dir='ltr'><strong>&amp;tunsum</strong></span> <span class='ocrx_word' id='word_1_280' title='bbox 220 4425 334 4503; x_wconf 81' lang='lat' dir='ltr'><strong>aceepit</strong></span> <span class='ocrx_word' id='word_1_281' title='bbox 348 4424 477 4501; x_wconf 85' lang='lat' dir='ltr'><strong>Symeon</strong></span> <span class='ocrx_word' id='word_1_282' title='bbox 487 4443 505 4481; x_wconf 87' lang='lat' dir='ltr'><strong>a</strong></span> <span class='ocrx_word' id='word_1_283' title='bbox 515 4422 630 4500; x_wconf 83' lang='lat' dir='ltr'><strong>Spiritu</strong></span> <span class='ocrx_word' id='word_1_284' title='bbox 641 4422 750 4481; x_wconf 82' lang='lat' dir='ltr'><strong>Sancto</strong></span> <span class='ocrx_word' id='word_1_285' title='bbox 757 4441 818 4480; x_wconf 89' lang='lat' dir='ltr'><strong>non</strong></span> <span class='ocrx_word' id='word_1_286' title='bbox 827 4421 962 4481; x_wconf 87' lang='lat' dir='ltr'><strong>visurum</strong></span> <span class='ocrx_word' id='word_1_287' title='bbox 975 4443 1006 4483; x_wconf 88' lang='lat' dir='ltr'><strong>se</strong></span> <span class='ocrx_word' id='word_1_288' title='bbox 1020 4431 1159 4485; x_wconf 84' lang='lat' dir='ltr'><strong>mortem:</strong></span> 
     </span>
     <span class='ocr_line' id='line_1_50' title="bbox 76 4492 460 4566; baseline 0.005 -4"><span class='ocrx_word' id='word_1_289' title='bbox 76 4492 153 4562; x_wconf 68' lang='lat' dir='ltr'><strong>ldemt</strong></span> <span class='ocrx_word' id='word_1_290' title='bbox 165 4506 315 4566; x_wconf 74' lang='lat' dir='ltr'><strong>Christm</strong></span> <span class='ocrx_word' id='word_1_291' title='bbox 330 4505 460 4565; x_wconf 87' lang='lat' dir='ltr'><strong>Domini</strong></span> 
     </span>
    </p>
   </div>
   <div class='ocr_carea' id='block_1_4' title="bbox 0 0 1409 4920">
    <p class='ocr_par' dir='ltr' id='par_1_6' title="bbox 0 0 1409 4920">
     <span class='ocr_line' id='line_1_51' title="bbox 0 0 1409 4920; baseline 0 0"><span class='ocrx_word' id='word_1_292' title='bbox 0 0 1409 4920; x_wconf 95' lang='lat' dir='ltr'><strong> </strong></span> 
     </span>
    </p>
   </div>
  </div>
 </body>
</html>
