2806 4920
150 320 213 384 156
546 313 641 379 Dona
664 312 707 379 iv.
726 320 802 400 poet
822 312 962 380 chia

208 482 375 544 &andan
387 480 554 541 Joiaaaem
569 480 640 557 (eit
656 480 776 555 loto).

209 565 250 622 In
276 564 329 621 illo
351 570 492 639 tempore,
512 561 603 619 Dixit
620 561 643 620 J
644 581 709 619 esua
731 561 883 639 discipulis
903 563 974 635 suis,
994 562 1060 640 Ego
1080 562 1137 622 lux
1158 564 1194 621 in
1213 565 1359 624 mundum

148 646 218 704 vani
230 665 322 722 aeque
334 646 376 704 ad
390 645 464 715 Qua
478 663 547 720 ergo
560 663 614 721 ego
628 643 741 720 loquor,
755 643 834 701 sicut
846 643 926 701 dixit
938 645 1013 702 mihi
1027 645 1126 719 Pater,
1140 647 1185 704 sic
1203 645 1318 724 loquor.

351 805 365 885 ,¹
475 821 638 881 Domum
658 822 789 892 Quanra
809 838 882 880 rosr
901 822 1036 883 Pascua

211 930 261 988 aa
274 930 407 988 arsam
452 927 592 1003 officum

210 1011 337 1069 Cantate
365 1010 494 1068 Domino
515 1010 664 1068 canticum
688 1028 809 1081 novum,
833 1008 983 1086 alleluya:
1020 1010 1092 1088 qnia
1112 1011 1267 1069 mirabilia
1292 1013 1360 1070 feeit

150 1092 305 1164 Dominus,
320 1092 469 1168 alleluya:
490 1097 560 1149 ante
573 1097 762 1167 conspectum
782 1090 917 1167 gentium
930 1091 1076 1149 revelavit
1086 1110 1090 1116 ·
1090 1090 1249 1169 justitiam
1269 1114 1360 1163 suam,

149 1173 285 1250 alleluya,
300 1173 435 1250 alleluya

210 1255 355 1312 Psalmua.

211 1336 345 1394 Salvavit
356 1336 414 1393 sibi
427 1335 550 1393 dextera
564 1334 647 1410 ejus:
668 1343 699 1391 et
712 1332 866 1390 brachium
880 1340 1015 1391 sanctum
1029 1334 1100 1411 ejua

212 1417 321 1476 Oratio.

211 1499 302 1569 Deus,
325 1498 376 1573 qui
397 1496 529 1554 fidelium
551 1501 664 1553 mentes
684 1495 773 1552 unius
793 1495 882 1552 efficis
901 1495 1088 1568 voluntatis,
1108 1495 1148 1554 da
1165 1499 1289 1575 populis
1302 1500 1360 1556 tuis

149 1580 180 1638 id
199 1599 299 1637 amare
320 1578 399 1654 quod
419 1577 562 1654 praecipis,
583 1576 615 1633 id
635 1576 799 1633 desiderare
820 1576 899 1652 quod
920 1577 1070 1653 promittis
1081 1598 1090 1650 3
1116 1584 1153 1635 ut
1174 1580 1258 1636 inter
1278 1601 1361 1638 mun-

150 1661 241 1717 danae
258 1660 417 1716 varietates
436 1659 480 1715 ibi
499 1664 601 1715 nostra
621 1658 681 1714 fixa
700 1657 762 1715 sint
780 1658 877 1730 corda,
896 1665 968 1715 sunt
984 1678 1056 1716 vera
1073 1659 1126 1715 ubi
1141 1661 1262 1737 gaudia
1303 1662 1361 1718 Per

152 1741 322 1799 Dominum.

182 1833 184 1837 ’
211 1822 306 1879 Lectio
319 1820 457 1897 Epistola
471 1821 545 1879 beati
557 1819 663 1878 Jacobi
675 1819 806 1894 Apostoli
824 1820 864 1894 (i
884 1820 969 1878 17-21
974 1819 999 1897 )

213 1903 381 1961 carissimi:
407 1903 503 1960 Omne
520 1902 624 1958 datum
644 1903 789 1977 optimum
810 1909 841 1958 et
861 1920 948 1958 omne
964 1901 1075 1958 donum
1090 1902 1259 1978 perfectum
1271 1925 1360 1981 unque

150 1985 192 2043 ad
210 1985 350 2060 suscipite
364 1985 487 2041 insitum
501 1984 633 2053 verbum,
648 1981 727 2058 quod
740 1988 838 2058 potest
850 1982 964 2040 salvare
977 1983 1091 2040 animas
1104 1990 1228 2041 restraa

211 2065 360 2141 Alleluya
408 2064 437 2121 Γ.
461 2064 549 2120 Vado
562 2064 600 2120 ad
613 2083 681 2120 eum
695 2062 748 2138 qui
761 2063 843 2119 misit
856 2082 920 2121 me:
941 2063 992 2121 aod
1004 2065 1075 2140 quia
1089 2063 1151 2121 baec
1165 2065 1287 2127 locutus
1295 2086 1361 2124 anm

151 2146 242 2216 vobis,
258 2145 382 2203 tristitia
395 2144 530 2220 implevit
543 2164 592 2200 cor
605 2150 744 2200 vestrum.
920 2138 923 2143 ’

213 2226 360 2301 Alleluya
391 2225 420 2282 Γ.
444 2225 581 2282 Surrexit
594 2225 750 2297 Dominus,
762 2230 792 2281 et
805 2244 960 2282 occurrens
970 2225 1145 2282 mulieribus
1155 2226 1219 2300 ait3
1238 2228 1341 2287 Arete
1354 2250 1361 2286 :

152 2314 224 2364 tunc
238 2313 422 2364 accesserunt
435 2312 466 2362 et
479 2312 639 2362 tenuerunt
653 2305 740 2382 pedes
754 2306 824 2381 ejus

213 2385 284 2466 [Per
306 2384 644 2467 hebdomadam—MS]
695 2387 845 2462 Alleluya
904 2386 932 2445 Γ.
969 2386 1108 2445 Surrexit
1136 2387 1280 2448 Christus
1308 2392 1360 2468 qni

151 2468 262 2525 crearit
276 2468 384 2539 omnia,
400 2475 430 2525 et
443 2468 581 2525 misertus
594 2478 639 2524 est
652 2468 782 2524 humano
794 2468 904 2544 generi.

212 2549 374 2624 Sequentia.
419 2549 578 2609 Victima:
599 2558 633 2605 ut
646 2569 738 2623 supra
751 2549 785 2605 in
798 2549 887 2606 Faria
901 2558 1010 2624 quarta
1029 2548 1216 2607 hebdomada
1231 2552 1359 2611 Pascha.

212 2630 378 2689 Secundum
392 2628 559 2687 Jolzauucnt
576 2631 651 2704 (xri.
669 2632 763 2705 5-15)

213 2711 251 2770 In
271 2713 323 2769 illo
342 2720 481 2787 tempore,
497 2711 587 2768 Dixit
607 2711 695 2767 Jesus
715 2711 866 2787 discipulis
886 2711 965 2782 suis3
987 2711 1074 2768 Vado
1095 2711 1133 2769 ad
1154 2732 1224 2769 eum
1239 2715 1293 2791 qui
1316 2736 1360 2772 mc

152 2795 232 2851 misit
245 2815 335 2869 usquo
350 2795 390 2852 acl
404 2793 522 2870 quiade
537 2811 602 2849 meo
615 2793 746 2867 accipiet,
762 2801 793 2848 et
805 2794 997 2850 annuntiabit
1012 2793 1103 2849 tobia

213 2875 406 2948 Qffertooim.

211 2957 231 3014 J
235 2957 345 3013 ubilate
367 2956 431 3012 Deo
450 2955 588 3011 universa
607 2960 696 3025 terra,
706 2954 836 3028 jubilate
851 2953 915 3011 Deo
929 2955 1067 3011 universa
1087 2960 1186 3012 terra:
1209 2957 1361 3032 psalmum

151 3038 240 3093 dicite
262 3037 377 3093 nomini
401 3038 464 3111 ejus
478 3057 485 3107 ;
520 3036 629 3095 venite.
652 3042 682 3092 et
714 3035 823 3106 audite,
849 3044 880 3092 et
908 3037 1033 3091 narrabo
1057 3036 1152 3107 robis,
1176 3056 1282 3095 omnes
1310 3040 1360 3115 qui

151 3118 262 3174 timetis
277 3119 375 3175 Deum
391 3139 396 3174 :
418 3124 531 3192 quanta
544 3117 614 3173 lecit
627 3117 774 3173 Dominus
788 3117 894 3172 animm
909 3136 988 3185 mea,
1004 3115 1140 3192 alleluya

213 3197 331 3255 Secreta.

213 3279 300 3343 Deua.
317 3278 369 3354 qui
389 3297 443 3334 nos
463 3298 516 3353 per
535 3278 624 3354 hujus
644 3278 777 3335 sacrificii
791 3278 959 3334 veneranda
978 3279 1151 3335 commercia
1172 3280 1264 3338 unius
1284 3302 1360 3338 sarn-

151 3378 264 3433 maeqne
278 3359 432 3434 dignitatis
445 3359 602 3433 participes
616 3379 676 3415 esse
696 3359 801 3428 fecisti,
817 3366 931 3434 praesta,
947 3379 1122 3434 quaesumus,
1137 3369 1172 3417 ut
1182 3361 1262 3418 sicut
1277 3370 1360 3419 tuam

152 3440 351 3515 cognoscimus
369 3441 536 3511 veritatem,
555 3441 595 3496 sic
616 3460 679 3496 eam
699 3441 795 3515 dignis
815 3440 945 3496 moritus·
969 3460 1166 3516 assequamur.
1214 3441 1276 3500 Per
1301 3443 1360 3501 Do

153 3540 275 3576 minum.

214 3601 396 3660 Communia

212 3684 292 3738 Dum
313 3682 429 3738 venerit
451 3682 620 3751 Paraclitus',
641 3682 769 3757 Spiritus
789 3683 941 3739 veritatis:
964 3683 1014 3739 ille
1033 3692 1139 3758 arguet
1160 3685 1308 3744 mundum
1323 3687 1359 3744 de

151 3771 278 3840 peccato,
294 3763 374 3820 etde
384 3764 512 3838 justitia,
527 3773 557 3820 ot
571 3764 606 3821 dc
613 3764 734 3839 judicia
750 3763 885 3839 alleluya,
901 3763 1034 3839 alleluya

217 3845 454 3902 Postcommauio.

211 3926 326 3983 Adest-0
340 3926 433 3994 nobie,
451 3926 578 3982 Domine
593 3926 674 3982 Deus
688 3933 797 3996 noster,
816 3934 851 3982 ut
871 3946 924 4001 per
936 3925 999 3981 lraec
1013 3945 1078 4002 quae
1095 3926 1220 3983 fideliter
1232 3929 1356 4005 sumpsi-

152 4028 225 4075 mus,
236 4022 267 4064 et
278 4026 437 4083 purgemur
447 4028 464 4063 a
474 4007 565 4077 vitiis,
575 4016 604 4063 et
615 4028 632 4063 a
642 4007 780 4082 periculis
791 4008 928 4064 omnibus
938 4027 1084 4064 eruamur.
1112 4008 1171 4065 Per
1183 4008 1354 4067 Dominum.

624 4183 721 4240 uma
744 4184 881 4252 Qunam

213 4304 260 4360 Ad
277 4301 587 4374 Thessalonicensem
613 4322 635 4356 r.
653 4302 750 4365 5-11).

213 4384 350 4441 Fratres:
372 4383 483 4440 Omnes
497 4383 576 4439 enirn
592 4402 643 4438 vos
660 4383 712 4438 lilii
728 4383 800 4438 lucis
815 4384 885 4438 estis
899 4390 930 4438 ot
945 4382 998 4438 filii
1013 4382 1072 4439 diei
1087 4402 1175 4457 easque
1188 4382 1230 4440 ad
1246 4384 1356 4441 consol·

152 4464 243 4521 amini
257 4467 394 4536 invicem,
408 4473 439 4522 et
452 4464 594 4522 aedificate
608 4463 795 4535 alterutrum,
811 4465 841 4521 in
857 4464 976 4521 Christo
989 4464 1011 4522 J
1013 4484 1063 4520 esu
1078 4463 1210 4522 Domino
1221 4472 1332 4523 nostra
