2804 4920
113 349 179 424 346,
576 347 673 414 rma
696 345 849 427 meuse

111 512 248 585 Domine,
262 513 465 587 immolamus;
485 534 661 591 quesumus,
675 521 711 572 ut
724 514 788 590 ejus
800 513 985 573 cretionibus
997 512 1141 592 placeant,
1156 530 1207 592 pro
1219 512 1279 590 cuju

113 595 230 652 meritis
243 596 415 653 offeruntur.
458 595 524 654 Per.
911 602 914 607 “
1083 634 1086 639 -

173 675 316 751 Proefirtio
330 678 364 734 de
377 676 528 752 Apostolic.

175 754 357 814 Omnmrmio.
400 757 512 834 Magne
525 763 578 816 eet.

173 836 414 895 Poetcmnmmeio.

173 917 295 990 Praesta,
319 938 495 995 quaesumus,
518 918 705 996 omnipotens
729 923 838 976 eterne
862 918 951 990 Deus,
977 925 1014 976 ut
1037 918 1119 997 quod
1144 918 1180 976 de
1204 922 1283 976 sancto

110 995 199 1055 ulturi
221 1005 275 1056 tuo
298 1000 469 1076 occepimus,
491 1000 625 1076 precibus
647 999 728 1057 beuti
751 999 938 1075 evangeliste
961 1000 1008 1057 tui
1033 1000 1122 1058 Lucre
1146 999 1283 1058 sanctificet

111 1079 224 1136 animes
238 1088 361 1150 nostrus,
376 1100 429 1157 pur
444 1081 522 1156 quod
536 1081 597 1138 tuti
610 1100 671 1138 esse
684 1080 837 1158 possimus.
880 1081 945 1138 Per.

175 1159 244 1218 Alio
257 1161 498 1220 Poetoommrmio.

173 1238 367 1318 Sumpsimus,
389 1242 526 1314 Domine,
548 1243 651 1300 divina
677 1243 831 1318 mysterin;
864 1262 1040 1319 quaesnmus,
1061 1250 1098 1301 ut
1124 1243 1201 1301 beuti
1224 1239 1285 1300 Justi

112 1323 252 1397 martyris
274 1324 320 1380 tui
343 1324 552 1381 intercessione
576 1336 692 1380 aeternae
709 1325 795 1383 nobis
819 1326 970 1403 praebeont
989 1324 1173 1382 incrementa
1186 1322 1282 1380 letitie.

100 1401 179 1459 »Per

291 1532 419 1590 Ssucrn:
440 1532 821 1604 annrsnmn,vrnom1s.
865 1534 938 1611 (xiv.
954 1534 1025 1592 Kal
1042 1533 1138 1612 nov.)

175 1654 314 1730 Officium.
357 1656 507 1715 Dilexisti.

175 1737 282 1797 Oratio.

172 1817 368 1894 Omnipotens
381 1819 559 1895 sempiterne
572 1818 664 1889 Deus,
678 1819 716 1877 du
739 1820 825 1879 nobis
848 1820 881 1877 in
902 1820 1179 1878 commemoratione
1200 1820 1280 1875 emole

111 1896 236 1974 virginis
249 1906 302 1956 tua
313 1899 506 1957 Fredeuwidae
515 1920 644 1976 congrua
654 1901 812 1959 devotione
822 1902 958 1979 gaudere,
967 1909 1003 1959 ut
1013 1907 1044 1959 et
1054 1901 1212 1977 potentiam
1222 1904 1280 1956 turn

110 1976 143 2035 in
156 1979 220 2054 ejus
234 1981 423 2038 veneratione
446 1981 600 2039 laudemus
622 1989 653 2040 et
667 1983 817 2059 provisum
841 1983 928 2041 nobis
944 1982 1142 2060 percipiemus
1154 1979 1278 2039 auxitan

112 2058 177 2116 Per.

169 2139 313 2216 Epmtolu.
356 2141 508 2218 Sapientis
519 2142 623 2202 vincit.

172 2219 306 2279 Orodole.
350 2223 434 2280 Audi
448 2223 517 2281 filie

172 2301 321 2378 Alleluya.
370 2304 399 2360 V.
421 2304 562 2361 AEmulor
575 2304 663 2363 enim.

172 2381 337 2457 Seqwrtim
353 2384 388 2443 de
403 2384 568 2443 Communi.

172 2462 373 2538 Econqclium.
416 2465 518 2524 Simile
532 2472 577 2524 est
590 2486 713 2544 regnum
726 2468 864 2525 coelorum
878 2467 986 2526 decem.

174 2543 366 2617 Qffcrlorinm.
410 2546 493 2603 Filiae
507 2566 616 2623 regum.

173 2624 267 2681 ts'ecl'el
288 2673 294 2684 .

170 2705 336 2779 Offen'mus,
353 2707 489 2777 Domine,
505 2728 603 2784 preces
620 2715 650 2766 et
672 2729 795 2766 munero.
816 2710 847 2766 in
868 2710 979 2767 honore
993 2716 1102 2766 sanctae
1117 2698 1273 2765 Fredendae

111 2785 235 2862 virginis
249 2796 308 2844 ture
322 2789 502 2864 gaudentes3
520 2796 633 2864 presto,
647 2811 822 2864 quaesumus,
836 2799 870 2848 ut
884 2792 1094 2848 convenienter
1108 2792 1167 2847 haec
1179 2801 1245 2863 ugert
1254 2781 1274 2833 el

110 2869 272 2925 remedium
287 2871 436 2926 valeamus
450 2872 600 2946 acquirere
615 2872 834 2946 sempiternum.
878 2873 943 2930 Per.

173 2948 352 3008 Commorim.
398 2951 535 3026 Quinque
549 2952 715 3026 prudentes,

173 3030 414 3088 Poulcomrncmio,

173 3110 280 3167 Sancta
294 3120 346 3168 tua
363 3133 424 3182 noe,
441 3113 577 3183 Domine,
592 3133 766 3189 quesumus,
782 3120 889 3170 sanctae
908 3113 1100 3171 Fredeswidae
1114 3109 1224 3188 virginis
1234 3110 1274 3157 tue

110 3192 224 3248 meritis
238 3194 474 3268 suffragantibus,
489 3201 520 3251 et
533 3215 551 3251 u
564 3195 690 3270 peccetis
704 3196 840 3251 omnibus
858 3202 970 3251 exuunt
982 3204 1013 3252 et
1027 3196 1065 3251 nd
1079 3195 1199 3251 caelestis
1209 3195 1274 3259 regne

111 3271 280 3346 perducant.
324 3274 389 3332 Per.

203 3454 242 3510 Is
264 3454 362 3511 Frsro
384 3456 535 3513 Uxorem
558 3456 703 3514 Mmurun
725 3456 898 3514 Vrnumuu.
940 3456 1004 3533 (xii.
1022 3456 1092 3513 Kal.
1110 3456 1196 3530 Nor.)

171 3573 312 3650 Officium.
356 3577 486 3634 Vultum
501 3585 596 3635 tuum.

175 3657 284 3714 Oratio.

169 3737 261 3809 Deire,
284 3739 336 3813 qui
363 3747 494 3797 sunctum
522 3740 606 3797 nobis
634 3740 722 3815 hujus
750 3741 809 3797 diei
830 3739 1059 3797 sollemnitatem
1080 3759 1134 3815 pro
1154 3735 1275 3818 benene

107 3817 258 3894 virginum
273 3828 496 3896 martyrumque
510 3829 630 3877 tuarum
644 3822 770 3897 glorioso.
788 3822 922 3896 passione
940 3821 1055 3892 fecisti3
1076 3821 1173 3877 adesto
1184 3804 1275 3901 famlr

108 3905 167 3955 tuee
182 3902 324 3975 precibus,
340 3909 370 3957 et
384 3902 421 3958 da
435 3910 470 3958 ut
484 3922 609 3977 qnorum
628 3903 714 3959 hodie
732 3903 806 3959 festa
828 3902 1016 3971 celebramus¹
1032 3921 1134 3958 eurum
1149 3897 1244 3957 merite
1254 3883 1275 3936 el

108 3979 368 4037 intercessionibus
381 3983 563 4057 adjuvemur.
608 3983 673 4040 Per.

169 4061 307 4135 Epicteto.
354 4063 399 4119 De
412 4064 588 4139 virginibus,

168 4141 301 4201 Gradole.
344 4144 457 4200 Anima
470 4151 580 4214 nostre,
595 4145 629 4201 iu
644 4145 802 4203 Communi
815 4146 907 4202 uenires
920 4145 1045 4219 viminio
1059 4165 1118 4202 non
1132 4144 1258 4219 rnarlyflf‘·

166 4223 315 4299 Alleluya.
366 4224 394 4283 V.
416 4225 614 4282 Adduccntur
637 4228 700 4303 regi
726 4228 856 4304 virgines
878 4232 945 4304 post
969 4247 1055 4285 eam:
1077 4226 1209 4302 proxime
1228 4216 1275 4283 elus

107 4301 164 4359 tibi
178 4305 340 4362 offerentur
353 4306 384 4362 in
399 4305 512 4365 laetitie.

166 4384 367 4460 Eoccopclium.
411 4387 515 4444 Simile
529 4393 575 4444 est
589 4407 712 4463 regnum
726 4390 865 4447 caelornm
879 4390 978 4448 decem
993 4388 1166 4466 virginibus

169 4463 362 4539 Offmtorium.
407 4468 585 4541 Offerentur,
601 4468 706 4545 rrzojuc.
