2804 4920
447 411 549 477 Faria
571 434 597 477 c.
617 419 693 497 post
714 410 854 477 Pascha.
1193 416 1255 484 147

114 576 223 636 Oratio.

112 659 203 730 Deus,
217 659 269 736 qui
282 659 483 717 diversitatem
497 660 632 736 gentium
646 660 677 716 in
691 658 871 717 confessione
885 661 932 718 tui
952 661 1080 719 nominis
1100 663 1255 720 adunasti:

46 737 357 880 i’aeruiJiJeniffiisnionte
370 741 555 817 baptismatis
570 762 630 798 una
643 743 682 798 sit
696 740 767 798 tides
781 741 928 799 mentium
942 749 973 800 et
985 744 1080 819 pietas
1094 744 1251 801 actionum.

109 914 205 973 Lectio
219 914 347 972 alciacum
360 912 563 990 Apostolorum
576 912 654 988 (eiii.
672 913 786 991 etr-40).

110 995 150 1052 In
166 996 269 1054 dicbus
289 995 357 1067 illis,
374 995 508 1069 Angelus
530 993 654 1050 Domini
675 994 791 1052 locutus
813 1004 858 1052 est
879 997 916 1054 ad
938 996 1121 1074 Philippum,
1136 997 1236 1055 dicens
1247 1019 1254 1067 ;

47 1074 143 1152 Surge
157 1084 188 1134 et
200 1077 275 1134 vade
295 1077 440 1151 usquead
461 1075 679 1152 evangelizabat
702 1076 872 1134 civitatibus
893 1078 1015 1150 cunctis,
1031 1078 1123 1135 donec
1137 1081 1254 1136 reniret

48 1155 220 1229 Caesaream‚
235 1177 343 1215 nomen
358 1156 480 1213 Domini
495 1156 588 1213 nostri
602 1156 623 1213 J
625 1175 676 1212 esu
691 1156 810 1214 Christi.

110 1238 246 1296 Gradal.

108 1318 184 1377 Haec
198 1320 267 1377 dies

55 1398 82 1457 V.
108 1400 251 1477 Lapidem
272 1420 359 1476 quem
381 1399 613 1474 reprobaverunt
635 1399 829 1456 aedificantes:
854 1400 902 1457 hic
924 1400 1019 1458 faetus
1041 1408 1085 1459 est
1110 1401 1142 1457 in
1165 1408 1254 1478 eaput

52 1481 167 1557 rugarli:
191 1502 210 1538 a
224 1482 353 1538 Domino
368 1481 537 1537 factumest
551 1478 648 1536 istud:
670 1487 700 1537 et
714 1488 760 1537 cst
773 1481 908 1538 mirabile
921 1482 955 1538 in
969 1481 1061 1539 oculis
1074 1484 1189 1540 nostris

107 1562 178 1619 Noa
191 1572 339 1639 repetatur
354 1560 469 1618 (tradat
483 1605 488 1616 .

106 1643 253 1717 Alleluya.
304 1641 351 1701 Γᾷ*
374 1643 412 1699 Iu
429 1643 477 1699 die
498 1641 719 1699 resurrectionis
733 1663 813 1713 meae,
829 1643 902 1700 dicit
917 1643 1073 1716 Dominae,
1089 1645 1251 1721 praecedam

57 1739 100 1780 vos
112 1725 143 1781 iu
159 1725 320 1783 Galilaeum.

108 1819 269 1896 Sequentia.

167 1903 224 1959 Dic
237 1902 323 1959 nobis
333 1901 441 1977 quibus
456 1920 471 1957 c
485 1900 572 1957 terris
585 1919 663 1956 nova

166 1982 281 2040 Cirncto
295 1983 407 2039 mundo
421 1983 565 2038 nuncians
579 1981 693 2057 gaudia.

166 2064 309 2122 Nostram
323 2083 424 2121 rursus
438 2064 541 2119 visitas
554 2063 701 2138 patriaml

165 2144 357 2221 Respondeas
371 2144 485 2220 placido
498 2144 594 2213 vultu,
607 2142 706 2202 clarat
719 2162 790 2199 voce
801 2142 879 2200 dixit
889 2163 898 2215 3
919 2143 1068 2220 Alleluya,

164 2226 300 2301 Angelus
315 2225 388 2282 mihi
403 2226 438 2281 dc
454 2225 571 2282 Christo
585 2223 729 2281 iudicarit
744 2225 792 2300 pia
806 2224 956 2291 miracula,

164 2306 370 2364 Resurrexisse
385 2306 547 2363 Dominum
561 2305 691 2362 siderum
705 2305 812 2362 cecinit
825 2325 896 2363 voce
910 2305 1065 2363 laudanda

165 2386 239 2444 Mox
253 2408 323 2462 ergo
337 2407 448 2464 pennas
462 2386 589 2443 volucris
605 2405 711 2443 vacuas
725 2386 855 2461 dirigens
869 2387 937 2443 laeta
951 2407 1004 2462 per
1017 2406 1113 2457 auras,

164 2469 269 2544 ssRcdii
285 2468 413 2538 famulis,
428 2477 463 2526 ut
476 2468 572 2524 dicam
587 2475 743 2524 vacuatam
760 2467 853 2543 legem
867 2474 998 2525 veterem
1015 2474 1046 2525 et
1061 2487 1168 2525 noram
1188 2489 1249 2545 reg-

222 2569 294 2607 nare
307 2549 442 2625 gratiam.

164 2628 270 2707 Itaque
285 2630 442 2706 plaudite,§
453 2630 567 2702 famuli,
578 2649 649 2686 voce
663 2629 757 2686 clatra:
775 2629 911 2686 Christus
921 2628 1009 2686 hodie
1023 2629 1150 2687 redemit
1163 2650 1216 2686 nos
1230 2652 1247 2687 a

221 2720 317 2768 morte
331 2712 403 2768 dira.

162 2790 252 2850 Pater
266 2792 377 2849 Filium
391 2792 516 2849 tradidit
529 2793 623 2863 saevis,
639 2791 871 2866 interimendum
884 2811 938 2867 pro
952 2790 1047 2847 salute
1061 2799 1169 2848 nostra

162 2872 272 2949 Sponte
287 2873 379 2930 subiit
394 2873 489 2929 Filius
503 2880 637 2942 mortem,
652 2879 687 2928 ut
700 2892 754 2928 uos
768 2873 927 2928 redimeret
940 2878 1035 2928 morte
1049 2871 1087 2927 ab
1101 2878 1218 2929 aeterna.

162 2953 251 3011 Nunc
265 2955 398 3030 requiem
412 2974 513 3029 capere
528 2954 598 3010 licet
612 2955 756 3023 oumibus,
773 2960 804 3008 et
817 2953 881 3008 uita
895 2953 954 3009 frui
971 2959 1122 3028 perpetua,

160 3034 191 3092 N
194 3056 249 3092 unc
263 3035 352 3092 colite
366 3036 612 3111 paritermccu1n‚
627 3034 740 3106 summi,
752 3034 860 3091 celebri
874 3033 960 3090 laude
974 3040 1110 3091 sanctum
1121 3033 1240 3092 Pascha.

161 3116 297 3174 Christus
310 3123 356 3174 est
369 3136 428 3192 pax
443 3123 550 3173 nostra.

106 3219 264 3279 Sauadum
278 3221 444 3282 Joltomrcm
463 3222 527 3298 (ar.
547 3221 660 3298 11-18).

107 3301 139 3359 Iu
152 3304 202 3360 illo
221 3311 363 3380 tempore,
380 3303 478 3360 Maria
497 3304 595 3360 statut
615 3303 653 3359 ad
674 3307 898 3359 monumentum
919 3301 999 3371 foris
1015 3301 1132 3377 plorans
1153 3323 1243 3376 arses-oe

26 3368 77 3423 “d
112 3382 200 3442 Venit
229 3404 300 3460 crgo
328 3384 426 3440 Maria
456 3384 631 3460 Magdaienc
663 3385 844 3440 annuntians
872 3382 1039 3458 discipulis:
1076 3382 1153 3452 Quia
1180 3384 1241 3440 ridi

28 3435 208 3537 Dominum,
223 3473 254 3522 et
267 3467 330 3523 lraec
344 3465 423 3521 dixit
436 3465 517 3521 mihi.

105 3544 199 3604 Credo.

104 3627 125 3684 0
145 3629 290 3686 ertorium.

102 3627 202 3766 Inffdic
220 3707 430 3767 sollemnitatis
447 3714 561 3779 vestra,
576 3707 649 3764 dicit
663 3707 827 3764 Dominus:
852 3705 990 3763 inducam
1004 3726 1056 3763 vos
1077 3707 1108 3762 in
1129 3715 1236 3764 terram

26 3761 175 3848 fluentem
189 3790 233 3849 lac
247 3790 360 3864 etmel,
375 3789 509 3865 alleluya.

99 3870 214 3931 Secreta.

22 4002 39 4057 f
99 3952 221 4031 Suscipc,
248 3954 386 4025 Domine,
415 3973 538 4010 munera
565 3952 741 4029 populorum
768 3957 888 4007 tuorum
916 3949 1079 4027 propitium
1111 3955 1145 4005 ut
1173 3969 1237 4005 con-

36 4028 157 4092 Quiane
168 4036 216 4092 tui
236 4036 366 4093 nominis
387 4041 417 4092 et
438 4035 615 4117 baptismate
636 4033 1002 4108 1·euovati,sempiternam
1023 4030 1234 4087 beatitudiuem

22 4102 256 4192 ⁰01asequantur.
301 4116 359 4173 Per
373 4115 544 4173 Dominum.

20 4272 318 4378 'omimiiiiizcmus
337 4288 469 4333 resurgens
492 4289 523 4319 ox
548 4273 648 4319 mortuis
674 4274 722 4332 jam
743 4287 791 4318 non
812 4272 924 4318 moritur:
951 4284 1016 4316 mors
1040 4270 1076 4314 illi
1103 4269 1166 4314 ultra
1187 4285 1235 4313 aaa

95 4392 273 4447 tum-dulci.

21 4487 57 4532 ut
69 4451 286 4560 diiiiiifflg
296 4453 323 4501 in
333 4452 383 4500 this
392 4453 440 4500 linc
450 4452 472 4499 is
482 4453 544 4499 from
555 4453 594 4499 tic
606 4452 658 4497 MS.
692 4452 744 4497 The
760 4450 857 4512 printed
866 4449 957 4497 edition
967 4449 1011 4494 has
1021 4448 1119 4494 “Rediit
1134 4448 1239 4508 seruulis,

97 4544 290 4629 ass-'ema
