2804 4920
451 239 546 305 Dum.
569 238 623 305 iii.
642 247 719 326 post
739 238 876 306 Pascha.
1205 246 1268 306 155

122 405 268 465 Paulusne.

124 486 225 544 Dicite
238 488 312 561 Deo,
328 489 425 559 Quam
443 487 589 546 terribilia
610 495 681 545 aunt
702 508 791 564 opera
812 495 873 561 tua,
898 488 1044 547 Domine:
1076 489 1109 546 in
1132 488 1268 548 multitu·

51 565 274 706 &aeolidum
294 575 354 627 tuae
368 569 552 628 mentientur
566 570 624 627 tibi
637 569 750 627 inimici
765 570 818 627 tui.

122 670 281 806 Drcud?l1ui
295 731 470 803 errantibus,
486 736 521 787 ut
535 730 567 787 in
581 731 660 788 viam
674 731 788 808 possint
801 731 896 788 redire
907 732 1041 807 justitia,
1057 731 1193 790 veritatis
1207 737 1266 789 tuae

53 808 163 867 lumen
177 811 326 869 ostendis:
347 811 385 869 da
397 812 512 869 cunctis
526 812 578 888 qui
593 812 761 870 Christiana
782 812 961 889 professione
984 820 1149 885 censentur,
1165 820 1196 870 et
1214 813 1267 869 illa

53 909 198 1027 {eripuere
220 913 285 969 quae
306 892 380 951 huic'
397 892 518 950 inimica
539 900 610 949 sunt
631 894 753 966 nomini,
777 900 808 951 et
830 914 864 951 ea
886 914 951 970 quae
974 899 1045 951 aunt
1062 900 1133 971 apta
1150 894 1263 952 sectari.

84 992 119 1029 er
140 972 311 1030 Dominum.

119 1069 216 1127 lectio
230 1071 368 1147 Epistola
381 1071 456 1129 beati
469 1071 553 1128 Petri
566 1071 697 1148 Apostoli
709 1072 743 1146 (l
765 1072 796 1128 r‘r'.
815 1071 933 1146 11-19).

120 1149 291 1209 Carissimi:
314 1152 441 1210 Obsecro
452 1172 503 1209 vos
515 1165 657 1229 tanquam
668 1153 796 1209 advenas
810 1159 840 1209 et
853 1154 1021 1230 peregrinos
1031 1173 1121 1228 nsque
1135 1154 1176 1210 ad
1190 1153 1265 1212 Haec

53 1238 101 1286 est
115 1232 196 1288 onim
211 1234 314 1310 gratia,
330 1234 369 1291 In
383 1233 502 1292 Christo
516 1234 538 1291 J
539 1253 597 1306 esu,
615 1234 745 1291 Domino
758 1241 867 1290 nostro.

116 1312 267 1390 Alleluya.
317 1315 344 1372 V.
368 1315 529 1387 Modicum,
545 1320 576 1371 et
593 1335 654 1371 non
667 1315 807 1372 videbitis
821 1335 875 1387 me,
886 1315 959 1372 dicit
973 1314 1135 1373 Dominus:
1152 1315 1263 1373 iterum

56 1392 217 1465 modicum,
233 1402 263 1453 et
277 1395 417 1453 videbitis
431 1416 487 1461 me,
502 1397 572 1472 quia
585 1396 661 1453 rado
676 1396 712 1452 acl
727 1395 856 1452 Patrem.

118 1475 268 1552 Alleluyu.
333 1475 362 1534 V.
396 1478 524 1553 Surgens
556 1477 646 1534 Jesus
678 1477 826 1534 Dominus
854 1482 955 1534 nostor
981 1477 1067 1534 stetit
1098 1477 1130 1534 in
1165 1477 1263 1535 medio

59 1551 267 1631 discipulorum
283 1577 413 1629 suorum,
428 1565 459 1615 et
474 1558 572 1630 dixit3
593 1558 657 1614 Pax
672 1555 784 1615 vobis*

120 1638 272 1713 Alleluya.
322 1639 351 1695 l'.
374 1638 512 1695 Surrexit
527 1639 674 1696 Dominus
689 1658 767 1709 roro,
782 1644 813 1695 ct
827 1639 965 1715 apparuit
980 1639 1077 1697 Petro.

115 1736 285 1794 Secundum
298 1735 325 1791 J
323 1737 464 1794 charano-m
478 1737 551 1811 (xci.
570 1737 684 1811 16-22).

118 1818 156 1874 In
183 1818 235 1875 illo
259 1824 399 1894 tempore,
424 1819 512 1875 Dirit
536 1818 624 1875 Jesus
646 1818 796 1894 discipulis
818 1818 899 1890 suis;
936 1818 1088 1876 Modicum
1110 1837 1200 1894 usque
1221 1819 1262 1876 ad

63 1905 88 1956 et
101 1898 242 1976 gaudium
255 1905 387 1955 restrum
401 1919 488 1956 nemo
502 1900 587 1956 tollet
600 1920 618 1956 a
632 1899 723 1956 vobis.

117 1979 309 2053 offertorium

118 2061 228 2132 Lauda,
252 2061 353 2117 anima
379 2079 452 2132 mco,
479 2061 660 2117 Dominum:
691 2061 818 2118 laudabo
847 2060 1009 2118 Dominum
1038 2061 1070 2118 in
1093 2061 1157 2118 rita
1184 2079 1258 2132 mea,

59 2141 175 2218 psallam
192 2141 258 2198 Deo
272 2161 337 2198 meo
352 2141 492 2218 quamdiu
506 2142 595 2212 sucro,
612 2141 747 2218 alleluya.

116 2222 233 2280 Secreta.

117 2303 174 2360 His
200 2303 295 2374 nobis,
318 2323 493 2379 quaesumus,
519 2303 657 2374 Domino,
682 2305 830 2379 mysteriis
858 2305 1033 2374 conferatur,
1056 2323 1115 2380 quo
1141 2310 1261 2362 terrena

52 2383 195 2441 desideria
209 2384 380 2460 mitigantes
395 2385 540 2442 discamus
554 2405 653 2442 amaro
667 2386 801 2445 calestia.
845 2386 904 2443 Per
919 2386 1090 2442 Dominum.

120 2464 296 2523 Coruncanio.

120 2544 276 2617 Modicum,
291 2551 322 2603 et
337 2566 397 2602 non
410 2546 549 2603 videbitis
565 2566 620 2616 ine,
636 2546 782 2623 alleluya:
815 2547 924 2604 iterum
945 2548 1104 2621 modicum,
1127 2554 1158 2605 et
1181 2547 1259 2605 vide·

46 2623 128 2681 bitis
138 2646 190 2698 me,
205 2628 277 2703 quia
290 2627 365 2683 rudo
379 2627 416 2684 orl
432 2627 560 2701 Patrem,
575 2628 711 2704 alleluya,
726 2629 861 2704 alleluya.
1301 2635 1304 2641 '

120 2706 353 2766 l’ortcommunio.

120 2785 301 2846 Sacramenta
321 2809 386 2864 quae
407 2791 593 2866 sumpsimus
615 2810 791 2866 quaesumus,
808 2790 944 2861 Domine,
960 2797 990 2847 ct
1008 2789 1191 2866 spiritalibus
1205 2808 1257 2846 uos

50 2863 202 2927 instruant
216 2869 374 2943 alimontia,
391 2877 421 2927 ot
434 2871 633 2948 corporalibus
647 2877 788 2929 tucantur
801 2871 930 2928 auxiliis
975 2871 1033 2928 Por
1047 2871 1216 2929 Dominum.

519 3082 619 3139 Fran
645 3083 782 3152 Quam⁸

120 3213 205 3275 Lectio
219 3215 358 3293 Epistola
372 3215 447 3274 beati
460 3216 607 3277 Jolnnnn's
619 3215 751 3292 Apostoli
763 3219 799 3290 (l
818 3218 848 3274 ii.
867 3218 943 3292 1-8).

121 3293 281 3356 Carissimi:
306 3299 381 3355 Haec
408 3297 503 3355 scribo
531 3297 622 3369 vobis,
649 3304 684 3355 ut
711 3318 772 3355 non
799 3299 924 3374 peccetis
944 3319 1033 3373 usque
1054 3300 1095 3357 ad
1115 3300 1255 3375 quoniam

62 3367 178 3498 t{nobrio
198 3379 393 3450 transierunt,
413 3386 444 3436 et
465 3378 566 3436 lumen
584 3399 688 3436 verum
706 3381 771 3455 jam
794 3379 881 3452 lucet,
902 3380 961 3437 Per
974 3381 995 3437 J
998 3401 1080 3437 esum
1103 3380 1255 3439 Christum

96 3457 212 3518 ominum
226 3466 370 3517 nostrum.

119 3552 276 3618 Sccrnrdum
288 3558 456 3616 Jooanoem
468 3557 529 3634 (iii.
547 3558 665 3633 25-36).

120 3631 152 3694 Iu
165 3640 212 3698 illo
226 3647 368 3716 tempore,
385 3639 475 3697 Facta
489 3647 534 3696 est
547 3641 670 3715 qurrstio
685 3659 722 3696 ex
733 3639 884 3716 discipulis
898 3640 920 3697 J
922 3640 1046 3698 ohannis
1059 3661 1127 3698 cum
1140 3641 1163 3700 J
1164 3641 1255 3699 udaeis

10 3772 12 3777 .
71 3700 101 3761 de
111 3720 301 3786 purificatione
320 3739 411 3797 usquc
424 3722 464 3778 ad
484 3720 535 3778 scd
548 3721 592 3777 ira
607 3720 665 3778 Dci
679 3728 779 3778 manet
792 3741 880 3798 super
894 3741 968 3780 cunr.

535 3940 635 3998 Faara
656 3940 765 3999 Sarra.

120 4057 162 4116 dd
173 4061 319 4120 Ronaanoa
332 4061 406 4138 (xiv.
421 4061 523 4137 7-12).

121 4134 246 4202 Fratres:
266 4143 366 4202 Nemo
378 4150 513 4201 nostrum
527 4144 583 4201 sibi
597 4144 673 4201 vivit
687 4164 776 4220 usquc
790 4145 831 4201 ad
844 4144 990 4202 rationem
1005 4144 1108 4202 reddet
1123 4145 1195 4202 Deo.

120 4265 130 4290 ⁸
143 4271 188 4320 ns.
200 4273 351 4321 addat-Per
360 4272 524 4320 hebdomadaria
556 4275 648 4320 lterum
662 4280 742 4322 sutem
753 4275 842 4322 videbo
854 4289 907 4333 vos,
918 4279 942 4322 ct
952 4275 1068 4335 gaudebit
1084 4289 1125 4321 cor
1135 4279 1251 4336 vcstmm,

76 4318 94 4359 ⁰¹
101 4330 196 4379 uadum
205 4338 316 4380 vestrnrn
324 4347 394 4379 nemo
404 4334 471 4380 tollet
480 4348 494 4378 a
504 4333 580 4380 vobis

119 4385 234 4451 Sauria
267 4391 387 4439 Victima.
