2804 4920
336 306 384 373 ln
406 305 530 374 Natali
548 305 786 392 plurimorum
808 307 1012 394 illartyrnnt.
1212 314 1274 381 ‚381

134 473 430 628 iiniieY'bsnadiai
457 555 558 613 Patris
584 555 677 626 mei3'
694 555 836 632 percipite
863 525 996 633 regnum,
1024 557 1170 634 alleluya:
1199 559 1278 635 quod

82 637 160 694 robis
172 643 311 714 paratum
324 644 370 694 est
382 637 421 694 ab
433 637 548 713 origine
562 636 676 707 mundi,
692 635 828 712 alleluya,
843 637 981 714 alleluya,
996 638 1133 715 alleluya
1160 694 1163 698 ,

135 729 284 790 Pessimus.
326 729 452 788 cantate
466 728 597 787 Domino
610 730 760 786 canticum
773 748 903 787 novum:
924 730 994 807 quia
1007 732 1156 790 mirabilia
1169 732 1246 791 fecit

135 810 282 949 iiiliciit
294 890 389 949 sancti
401 896 513 967 gentes,
528 897 559 948 et
572 889 765 948 dominantur
785 891 908 968 populis,
923 898 954 949 et
974 894 1111 970 regnabit
1131 894 1279 952 Dominus

87 970 159 1031 Deus
172 972 294 1030 illorum
306 972 340 1029 in
353 979 537 1049 perpetuum.

137 1065 284 1123 Psalmns.
327 1064 486 1122 Exsultate
496 1064 573 1140 justi
587 1065 620 1120 in
634 1063 783 1122 Domino:
805 1070 901 1122 rectos
914 1065 999 1123 decet
1013 1066 1200 1126 collaudatio.

140 1146 250 1205 Oratio.

137 1227 230 1299 Deus,
256 1226 310 1303 qui
336 1246 390 1284 nos
416 1225 550 1284 concedis
577 1231 747 1283 sanctorum
775 1232 941 1298 martymm
969 1235 1087 1286 tuorum
1116 1229 1155 1288 N.
1182 1236 1213 1287 et
1237 1229 1276 1288 N.

88 1307 217 1366 natalitia
244 1308 347 1379 colere,
373 1308 411 1365 da
434 1307 520 1364 nobis
546 1306 579 1363 iu
604 1314 717 1363 aeterna
743 1307 927 1365 beatitudine
954 1309 991 1367 de
1014 1329 1117 1367 eorum
1140 1312 1280 1369 societate

88 1388 212 1463 gaudere.
256 1388 323 1447 Per.
823 1391 825 1396 '

137 1481 281 1559 Epistola.
323 1481 373 1540 Ad
386 1481 555 1542 Corinthios
567 1481 619 1553 (ii.
637 1480 711 1557 37).

138 1563 279 1622 Fratres:
303 1563 481 1622 Benedictus
495 1564 578 1621 Deus
591 1570 622 1620 et
637 1562 727 1619 Pater
741 1561 864 1619 Domini
878 1564 974 1622 nostri
984 1585 1074 1640 usquc
1088 1565 1129 1624 ad
1141 1567 1182 1624 sic
1196 1567 1280 1625 eritis

86 1650 111 1700 n
123 1645 341 1714 consolationis,
357 1645 396 1702 In
410 1644 529 1703 Christo
542 1644 564 1702 J
565 1663 617 1701 esu
632 1643 763 1700 Domiuo
776 1650 884 1700 nostro.

137 1737 235 1797 Lectio
248 1737 318 1796 libri
331 1738 489 1814 Sapientia
502 1736 564 1813 (iii.
583 1736 630 1794 1-8
633 1738 657 1809 ).

138 1819 297 1879 Jirstorum
321 1819 427 1876 animae
451 1820 484 1876 in
505 1839 596 1876 manu
624 1817 682 1875 Dei
709 1822 780 1873 sunt
803 1837 894 1892 nsque
917 1820 958 1875 od
985 1826 1016 1876 et
1039 1820 1175 1898 regnabit
1199 1821 1281 1879 Deus

83 1896 197 1957 illorum
212 1901 245 1957 in
259 1909 443 1977 perpetuum.

140 1993 189 2049 sd
202 1991 340 2050 Hebroeos
353 1994 409 2064 (si.
426 1992 542 2069 3339).

140 2072 277 2131 Fratres:
300 2073 403 2131 Sancti
417 2073 572 2150 perfidem
596 2072 732 2130 vicerunt
754 2093 843 2148 usqne
870 2074 912 2130 ad
932 2073 1050 2150 probati
1072 2074 1189 2132 inventi
1209 2083 1281 2132 sunt

82 2150 114 2210 in
127 2153 246 2212 Christo
259 2154 281 2212 J
282 2174 333 2211 esu
348 2154 479 2212 Domino
492 2161 602 2212 nostro.

141 2247 236 2305 Lectio
249 2247 320 2305 libri
332 2245 489 2323 Sapientia
502 2248 548 2320 (a.
569 2248 684 2323 15-22)

140 2328 224 2386 Justi
248 2335 349 2386 autem
372 2329 406 2385 iu
430 2337 607 2406 perpetuum
630 2330 736 2386 vivent
759 2349 850 2403 iisqne
874 2329 915 2385 od
938 2335 970 2386 et
993 2328 1031 2387 ad
1051 2337 1165 2388 certum
1184 2331 1281 2389 locum

85 2405 205 2466 deducet
217 2409 285 2467 illos
300 2409 447 2466 Dominus
462 2409 545 2467 Deus
558 2417 667 2468 noster.

142 2503 192 2559 Ad
204 2502 341 2560 Hebroeos
354 2502 398 2579 (n.
416 2502 533 2579 32-38).

142 2583 275 2642 Fratres:
290 2583 542 2642 Rememoramini
556 2583 697 2660 pristinos
711 2583 781 2656 dies,
793 2582 826 2640 in
840 2584 949 2660 quibus
962 2583 1125 2644 illuminati
1139 2606 1229 2662 nsque
1242 2588 1283 2644 ad

87 2658 108 2717 J
110 2672 190 2722 ustrm
202 2672 304 2722 autem
316 2684 400 2722 meus
414 2684 451 2722 ex
465 2665 522 2721 fide
536 2666 622 2722 vivit.

144 2757 239 2817 Laelio
253 2757 323 2816 libri
335 2757 495 2835 Sapientia
508 2758 552 2835 (a.
572 2759 686 2835 17-20).

146 2838 261 2898 Reddet
283 2839 366 2898 Deus
387 2839 551 2897 mercedem
575 2840 710 2897 laborum
734 2844 905 2896 sauctorum
929 2858 1049 2896 suorum
1077 2842 1230 2914 usquead
1252 2848 1284 2899 et

89 2917 233 2978 victricem
248 2940 370 2978 manum
384 2927 468 2978 tuam
481 2920 679 2978 laudaverunt
693 2920 813 2996 pariter,
828 2919 957 2977 Domine
971 2920 1053 2977 Deus
1067 2930 1174 2979 noster.

146 3010 238 3070 Lectio
252 3010 321 3069 libri
335 3010 526 3087 Apocalypsis
539 3010 614 3068 beati
626 3010 777 3069 Jodnnnis
791 3013 922 3087 Apostoli
937 3012 1007 3084 (vii.
1028 3013 1114 3074 13-17
1117 3014 1140 3089 )

147 3090 183 3150 ln
200 3093 305 3150 diebus
325 3092 392 3162 illis,
408 3091 600 3169 Respondeas
623 3112 701 3149 unus
722 3094 759 3150 de
779 3093 945 3150 senioribus
964 3114 1055 3169 nsque
1076 3095 1118 3152 ad
1136 3095 1285 3173 absterget

91 3185 199 3230 onmem
213 3173 375 3249 lacrymam
388 3172 426 3231 eb
440 3172 532 3231 oculis
546 3192 655 3230 eorum.

148 3267 193 3324 Ad
208 3265 378 3325 Corinthios
390 3266 425 3341 (1
442 3266 478 3323 iv.
497 3266 592 3342 9-14).

148 3347 278 3405 Fratres:
293 3346 498 3423 Spectaculum
510 3345 580 3403 facti
594 3366 697 3404 sunaus
708 3347 777 3404 huic
791 3347 902 3405 mundo
913 3355 944 3406 et
954 3349 1066 3426 angelis
1076 3356 1107 3408 et
1117 3350 1286 3410 hominibus

93 3439 174 3501 unus
187 3429 227 3486 cd
247 3429 300 3486 sed
318 3435 354 3486 ut
373 3427 450 3486 filios
470 3447 550 3485 meos
570 3428 733 3485 carissimos
751 3448 864 3499 moneo,
881 3429 921 3487 ln
934 3430 1053 3488 Christo
1067 3432 1142 3491 Jesu
1156 3433 1287 3492 Domino

94 3514 192 3567 nostro.

148 3589 240 3649 lectio
255 3590 324 3649 libri
336 3588 494 3666 Sapientiae
511 3590 616 3664 (Pina
631 3610 675 3646 xv.
694 3591 751 3660 2-4,
769 3591 845 3667 6-8).

150 3669 262 3747 Lingua
274 3672 454 3747 sapientium
467 3678 554 3728 omat
567 3671 720 3728 scientiam
741 3691 832 3746 nsque
852 3673 893 3730 ad
908 3674 967 3743 Qui
981 3676 1118 3751 sequitur
1126 3677 1284 3751 justitiam,

97 3740 225 3826 diligetm
238 3773 257 3810 s
271 3753 409 3810 Domino.

150 3845 241 3904 hetia
255 3844 324 3904 libri
336 3844 494 3921 Sapinitioe
511 3848 556 3919 (v.
575 3845 622 3903 1-5
624 3846 649 3923 )

150 3924 275 3985 Stabunt
284 3926 362 4003 justi
374 3947 465 4002 nsque
478 3928 519 3984 ad
532 3933 563 3985 et
577 3927 656 3984 inter
670 3933 787 3985 sanctos
801 3948 864 3986 sors
878 3928 996 3986 illorum
1011 3935 1063 3986 cst

149 4017 241 4079 lectio
255 4018 325 4078 libri
337 4018 496 4096 Sapientia
508 4020 639 4096 (Eccins.
656 4020 687 4078 ii.
705 4019 802 4096 7-13).

151 4097 319 4160 Metuentes
332 4100 497 4159 Dominum
511 4123 601 4177 nsque
614 4103 655 4159 nd
669 4102 835 4160 misericors
848 4110 893 4161 est
907 4103 1054 4161 Dominus
1063 4103 1145 4162 Deus
1158 4110 1265 4163 noster.

150 4190 198 4249 At
210 4191 357 4250 Rotnanos
370 4191 449 4268 (viii.
467 4193 584 4269 28-39).

127 4341 134 4356 .
152 4268 286 4332 Fratres:
314 4272 429 4333 Scimus
449 4275 590 4350 quoniam
611 4275 804 4354 diligentibus
825 4278 921 4336 Deum
947 4278 1046 4336 omnia
1065 4280 1216 4354 usquead
1238 4280 1289 4357 qui

97 4344 181 4411 'bum
202 4352 371 4431 interpellat
393 4374 447 4431 pro
466 4356 559 4414 nobis.
613 4358 736 4417 Divisio.
781 4359 856 4429 Quis
880 4379 934 4417 nos
961 4360 1109 4436 separabit
1132 4381 1223 4438 nanta
1250 4361 1291 4418 ad

97 4432 223 4499 “muare
234 4455 254 4492 s
267 4434 390 4493 carinte
403 4436 470 4508 Dei,
486 4457 552 4514 quae
567 4444 611 4496 est
626 4438 657 4496 in
673 4439 794 4498 Christo
807 4440 829 4498 J
831 4460 882 4499 esu
897 4442 1028 4500 Domino
1041 4449 1149 4501 nostro.
