2804 4920
460 327 558 395 Feetc
577 327 769 395 Februarii.
1152 336 1216 404 237

84 491 226 552 Mereor-io
238 493 274 552 de
286 501 386 553 coccio
398 492 526 570 Ipncte'o,
541 504 678 572 nrortyre.

84 571 170 644 Deus,
184 574 237 651 qui
248 593 304 633 nos
316 574 397 633 beati
409 575 524 653 Ignatii
539 577 678 654 martyris
695 575 742 634 tui
758 583 848 654 atque
864 577 1012 655 pontificis
1031 578 1217 657 triumphum

82 655 217 713 erabilem
229 655 376 714 celebrare
389 656 530 728 concedis,
544 656 582 715 da
601 657 693 730 nobis,
709 676 884 734 quaesumus,
898 659 931 716 in
952 660 1015 735 ejus
1028 662 1216 720 veneratione

82 735 169 808 itiam3
190 742 222 794 et
233 738 318 813 cujus
330 737 364 794 in
373 737 461 795 terris
470 736 576 796 devote
589 738 742 796 sollemnia
751 739 882 812 colimus,
894 759 962 799 eum
972 759 1087 818 semper
1096 743 1128 799 in
1139 741 1217 800 caelie

82 816 201 875 uoedere
214 818 383 876 sentiamus
426 817 486 876 Per
498 817 668 878 Dominum.

85 896 223 974 dpiatolc,
266 897 327 968 Qui
338 898 490 976 gloriatur.

87 976 220 1037 crudele
263 978 405 1038 Dilexisti
414 978 572 1057 justitiam

85 1058 253 1136 Propterea

83 1140 232 1216 Alleluya.
280 1140 309 1200 V.
331 1140 472 1199 AEmulor
485 1142 565 1199 enim
579 1160 639 1200 voe.

90 1219 138 1279 Vel
151 1222 282 1280 Proetus.
325 1221 442 1280 Diffusa
454 1227 508 1280 est.

82 1300 283 1376 Evanqelimu.
327 1302 429 1360 Simile
441 1309 487 1360 est
499 1321 622 1379 regnum
633 1303 769 1361 oaelorum
784 1302 883 1361 decem
897 1303 1068 1382 virginibus.

84 1380 278 1456 offertorium.
322 1383 499 1458 Offerentur,
514 1384 621 1442 minus.

82 1462 205 1523 Secreta.

82 1543 222 1602 Ecelesioe
243 1551 313 1617 ture,
326 1563 502 1621 quesumus,
518 1545 653 1615 Domine,
670 1564 770 1622 preces
791 1551 822 1602 et
843 1545 954 1604 hostias
976 1547 1068 1604 beatae
1091 1546 1219 1625 Brigidae

82 1623 209 1683 unendet
222 1626 325 1696 oratic,
340 1632 376 1683 ut
389 1626 441 1702 qui
454 1645 508 1701 pro
520 1625 602 1684 illius
617 1627 731 1684 meritis
744 1627 928 1702 majestatem
941 1633 1026 1685 tuam
1039 1628 1220 1686 indefensam

82 1725 112 1764 ns
135 1706 315 1764 exorabilem
341 1706 495 1764 humiliter
520 1707 719 1783 imploramus,
743 1709 807 1784 ejus
834 1708 969 1783 precibus
991 1708 1088 1785 adjuti
1111 1710 1221 1766 miseri-

82 1787 151 1843 liam
167 1793 249 1844 tuam
263 1786 430 1845 sentiamus
473 1787 532 1845 Per
544 1788 715 1846 Dominum.

85 1867 157 1925 Alia
168 1866 291 1926 Secretz.
1008 1912 1010 1916 Α

85 1947 262 2006 Muneribus
288 1948 406 2020 nostris,
431 1966 606 2025 quesumus,
633 1949 768 2023 Domine,
797 1950 989 2026 precibusque
1016 1951 1164 2028 susceptis,
1190 1958 1220 2009 et

82 2029 187 2086 estibus
200 2048 254 2086 nos
268 2029 379 2087 munda
392 2030 538 2105 mysteriis
551 2035 583 2087 et
596 2029 754 2088 elementer
767 2031 882 2088 exaudi.
926 2031 985 2089 Per
998 2031 1167 2089 Dominum.

89 2108 267 2168 Communia
310 2110 427 2167 Diffusa
440 2118 491 2168 est

88 2190 327 2250 Poetcommumb.

90 2270 279 2349 Sumpsimus,
294 2271 431 2343 Domine,
446 2271 624 2330 celebritatis
641 2291 747 2330 annuae
768 2273 869 2330 votiva
886 2278 1069 2332 sacramenta
1077 2294 1085 2346 ;
1105 2281 1219 2351 presta,

82 2370 201 2424 snmus,
222 2359 258 2411 ut
281 2359 312 2410 et
335 2352 504 2430 temporalis
526 2353 612 2411 nobis
628 2353 699 2411 vitae
720 2354 849 2412 remedia
869 2355 1019 2430 praebeant
1041 2362 1072 2412 et
1095 2361 1218 2414 aeternae.

82 2433 271 2491 rDominum.

93 2513 158 2572 Alia
173 2514 416 2573 Poetccmmunio.

95 2593 135 2651 Sit
147 2595 240 2666 nobis,
256 2595 394 2667 Domine,
407 2594 553 2672 reparatio
572 2596 681 2653 mentis
700 2603 731 2654 et
753 2597 880 2672 corporis
902 2597 1016 2655 caeleste
1038 2599 1221 2674 mysterium,

87 2677 159 2751 cujus
172 2676 362 2753 exsequimur
374 2676 526 2748 actionem,
542 2678 703 2735 sentiamus
717 2677 860 2735 effectum
905 2677 970 2735 Per.

188 2903 228 2961 Iu
249 2901 496 2960 Pusimcsmous
516 2917 623 2959 anama
644 2900 769 2959 Minis.
814 2900 865 2978 (iv.
882 2900 960 2958 Non.
977 2898 1062 2976 Feb.)

99 3029 133 3090 ln
144 3032 355 3110 Purrflcolimw
368 3034 454 3092 beata
463 3032 571 3090 Marica
588 3031 725 3107 Virpc‘me,
739 3031 838 3088 Tertia
852 3041 979 3101 cantata,
987 3033 1048 3104 fiat
1060 3031 1224 3090 Benedictio

82 3115 168 3173 amicis
179 3115 355 3173 sollcnmiter
367 3134 386 3171 c
399 3113 552 3172 Sacerdote
564 3111 646 3189 Oapa
659 3113 752 3170 serico
764 3111 869 3170 induto
883 3133 949 3170 cum
963 3112 1032 3170 aliia
1044 3112 1225 3172 indumentis

82 3196 261 3265 modalibus,
280 3196 401 3253 diccmw
419 3204 445 3252 et
465 3194 640 3253 mbdioccrw
658 3193 799 3251 revestitis
816 3202 849 3250 ιιι
868 3192 909 3251 od
923 3193 1048 3251 Mcbrcm
1068 3194 1125 3252 eibi
1141 3196 1225 3254 ceeia·

82 3274 168 3346 uitem
195 3296 284 3354 erepet·
302 3277 430 3352 pradum
450 3275 562 3346 abaco,
583 3273 662 3347 facie
682 3294 764 3333 verso
784 3275 825 3332 od
848 3273 1006 3334 australem
1024 3285 1148 3352 partem,
1173 3276 1225 3334 lace

82 3354 120 3412 odo
134 3358 218 3429 dicct
238 3356 344 3416 scilicet
353 3381 363 3416 :

82 3467 825 3606 Q

111 3620 303 3681 Do-mi-nus
329 3621 532 3680 vo-bis-cuna
595 3620 647 3679 0-
665 3639 795 3677 re-mus.

105 3725 201 3789 Oratio·

105 3805 183 3880 Deus,
197 3811 283 3887 cujus
304 3808 476 3885 unigenitus
500 3807 641 3865 hodierna
661 3806 709 3864 die
729 3827 797 3864 cnm
816 3807 982 3865 substantia
1002 3816 1109 3866 nostru
1131 3811 1226 3866 camis

82 3889 190 3948 cundum
204 3891 298 3969 legem
308 3910 376 3948 cum
388 3889 493 3947 hostiis
503 3888 610 3946 debitis
623 3888 833 3964 apparentibus
846 3888 878 3944 in
888 3889 999 3965 templo
1013 3897 1057 3945 est
1070 3889 1186 3946 oblatus
1196 3896 1227 3946 et

88 3964 153 4037 justo
173 3971 317 4048 symeone
337 3971 371 4028 in
392 3970 471 4028 ulnis
492 3975 652 4045 susceptus,
674 3969 805 4041 concede,
827 3989 1002 4044 quaesumus,
1024 3978 1060 4027 ut
1079 3971 1157 4028 sieut
1176 3970 1227 4027 ille

82 4055 160 4108 [ortem
173 4072 231 4111 non
244 4052 332 4123 vidit,
346 4051 536 4128 quoadusque
555 4050 665 4108 meruit
685 4049 837 4107 Christum
858 4051 958 4108 videre
980 4050 1103 4108 Domini
1112 4072 1121 4123 3
1141 4052 1184 4108 ita
1197 4060 1228 4108 et

82 4124 229 4192 ⁰bistribue
247 4152 301 4210 per
319 4132 558 4191 intercessionem
575 4136 683 4188 sancte
703 4137 734 4188 et
754 4131 935 4189 intemeratae
956 4131 1092 4207 Virginis
1113 4133 1225 4201 Marius,

82 4208 200 4289 tabsque
225 4214 398 4291 contagione
417 4214 530 4290 peccati
549 4212 582 4269 in
601 4211 712 4287 templo
732 4212 840 4269 celesti
860 4220 913 4269 tua
933 4232 1097 4269 mereamur
1116 4212 1225 4289 perfrui

82 4281 170 4366 bione,
199 4295 357 4353 luminaria
387 4313 504 4371 quoqne
531 4312 597 4369 quas
622 4292 745 4369 populus
769 4299 840 4350 tuus
864 4294 896 4350 in
920 4293 975 4350 boc
1005 4312 1088 4350 sacro
1116 4293 1227 4369 templo

82 4361 226 4434 Dorou
254 4375 350 4450 offert,
380 4382 434 4434 tua
461 4371 704 4455 benopdictione
730 4373 902 4447 sanctifices,
930 4380 966 4432 ut
995 4375 1163 4451 quicrmque
1190 4393 1228 4432 ex

82 4457 282 4535 temperior,
315 4456 442 4516 tutelam
471 4463 534 4514 tam
567 4455 673 4514 anime
708 4474 799 4531 quam
836 4455 965 4532 corporis
1002 4462 1228 4533 consequantur,
