2806 4920
452 322 900 434 rosppuosoomtot.
1232 350 1276 419 2⁷

128 514 227 573 lectio
240 513 378 591 Epistola
391 514 466 573 boati
479 514 571 573 Pauli
583 514 720 592 Apostoli.
762 514 814 572 Ad
829 515 931 573 11111111
943 515 1005 593 (iit
1022 514 1097 594 4-7).

127 595 303 654 Carissimo:
333 596 487 672 Apparuit
513 595 682 674 benignitas
707 615 797 673 usqae
823 595 867 654 od
894 616 975 673 spem
1002 596 1072 654 vitae
1100 603 1217 655 aeternae
1240 598 1275 656 in

66 674 189 734 christo
201 677 224 735 J
224 695 285 750 esu,
300 676 430 735 Domino
443 682 553 737 nostro.

63 814 66 819 .
127 756 264 817 Grodola
307 757 458 834 Alleluya

126 838 292 913 Sequentia
316 838 510 914 Offertooiooa
531 848 559 898 ot
578 837 757 908 Oooroumio,
771 847 806 898 ot
818 858 911 916 norro
923 840 965 898 ad
978 840 1134 900 secundom
1147 841 1273 900 Missam

64 919 99 976 ia
113 918 278 979 Notioitoto
291 920 422 979 Dornini

506 1085 547 1142 Irs
566 1101 621 1143 nm
641 1084 834 1143 1111111111.

126 1187 267 1263 Officium.

124 1268 201 1328 Ecce
227 1269 350 1328 advenit
372 1269 541 1329 dominator
564 1270 728 1329 Dominus:
758 1279 790 1330 et
815 1289 940 1349 regnum
967 1272 999 1330 in
1023 1290 1114 1329 manu
1141 1273 1214 1349 ejus,
1240 1280 1271 1330 et

60 1355 203 1426 potestas,
217 1356 249 1408 et
261 1350 428 1428 imperium.

122 1431 270 1490 Pessimus.

122 1512 207 1570 Deus
216 1512 364 1589 judicium
377 1519 465 1572 tuum
478 1515 541 1593 regi
554 1514 610 1573 da:
630 1522 661 1574 et
670 1515 821 1593 justitiam
834 1522 919 1574 tuam
933 1513 995 1571 filio
1008 1514 1093 1593 regis.

122 1593 231 1670 Hyrie,
254 1593 342 1655 Fons

123 1675 235 1734 Oratio.

121 1755 214 1829 Deus,
230 1756 283 1834 qui
295 1757 437 1815 hodierna
449 1757 498 1816 die
512 1757 807 1835 Unigenitumtuum
827 1757 966 1834 gentibus
986 1756 1073 1815 stella
1093 1757 1167 1815 duce
1187 1776 1269 1816 reve-

59 1836 148 1894 lasti:
175 1836 301 1895 concede
318 1839 472 1915 propitius,
491 1844 527 1896 ut
548 1838 601 1915 qui
618 1839 682 1915 jam
703 1845 734 1896 te
756 1859 793 1897 ex
816 1839 874 1897 fide
897 1839 1094 1915 cognorimus,
1114 1858 1207 1915 usque
1229 1839 1268 1897 ad

58 1917 320 1994 contemplandam
333 1918 458 1995 speciem
472 1925 532 1977 tuae
546 1919 729 1978 celsitudinis
742 1920 944 1997 perducamur.
987 1918 1047 1976 Per
1060 1920 1195 1977 eundem.

120 1997 221 2058 Lectio
234 1999 334 2056 Eooiae
347 1999 498 2076 Proplretoe
515 1999 573 2075 (os
592 2000 638 2058 16
639 2000 670 2075 ).
1327 2053 1332 2061 .

120 2079 224 2157 Surge,
239 2079 417 2153 illuminare,
432 2080 621 2139 Hierusalem
639 2101 728 2158 1111111
750 2081 792 2140 od
811 2082 882 2140 thus
903 2081 1076 2152 deferentes,
1097 2086 1127 2139 et
1148 2080 1266 2139 laudem

59 2160 191 2218 Domino
204 2161 424 2220 annuntiantes.

119 2240 258 2300 Grodole.

119 2323 231 2380 Omnes
244 2322 281 2381 de
295 2321 373 2382 Saba
385 2322 514 2396 venient,
530 2343 635 2382 aurum
649 2330 680 2382 et
694 2323 764 2382 thus
777 2324 948 2397 deferentes,
961 2330 991 2382 et
1004 2323 1121 2382 laudem
1134 2323 1266 2381 Domino

55 2404 279 2462 annuntiantes.

61 2483 91 2541 Γ.
118 2483 214 2561 Surge
228 2491 259 2542 et
272 2484 448 2557 illuminare,
461 2485 659 2558 Hierusalem,
673 2486 743 2561 quia
754 2487 848 2564 gloria
858 2486 983 2545 Domini
992 2506 1080 2563 super
1090 2492 1121 2543 te
1130 2491 1197 2543 orta
1209 2491 1261 2543 est.

115 2564 267 2642 Alleluya
317 2565 347 2626 V.
381 2566 521 2624 Vidimus
548 2567 664 2625 stellam
691 2568 754 2642 ejus
776 2568 808 2624 iu
832 2569 953 2642 criente,
980 2574 1011 2626 et
1034 2567 1169 2625 venimus
1196 2586 1262 2624 cum

51 2646 230 2705 muneribus
244 2648 367 2706 adorare
382 2646 553 2706 Dominum.

112 2769 280 2847 Sequentia

176 2867 375 2945 Epiphaniam
390 2867 520 2926 Domino
533 2888 672 2927 canamus
686 2869 853 2947 gloriosam,

177 2948 245 3019 Qua
258 2949 372 3026 prolem
387 2949 446 3007 Dei
460 2948 544 3028 Magi
557 2951 690 3024 adorant,

175 3030 357 3088 Immensum
372 3029 503 3088 (ihaldaei
516 3031 599 3108 cujus
612 3051 665 3109 per
678 3031 762 3090 saecla
775 3037 956 3090 venerantur
967 3032 1149 3108 potentiam:

175 3111 273 3181 Quem
286 3112 385 3169 cuncti
398 3111 548 3188 prophetae
562 3114 692 3171 cecinere
704 3119 866 3171 venturum
879 3112 917 3170 sd
929 3118 1032 3188 gentes
1045 3113 1208 3184 salvandas,

175 3190 268 3268 (injus
282 3193 420 3268 majestas
433 3193 477 3250 ita
490 3199 535 3250 est
548 3194 699 3266 inclinata,
714 3200 750 3252 ut
763 3200 924 3252 assumeret
936 3194 1014 3251 servi
1028 3194 1153 3251 formam
1166 3214 1172 3251 :

172 3272 258 3331 Ante
272 3273 378 3332 saecula
391 3273 444 3350 qui
458 3273 540 3332 Dens
554 3281 584 3332 et
598 3281 732 3352 tempora
746 3275 847 3333 Homo
860 3275 955 3333 iactus
969 3281 1014 3333 est
1028 3294 1067 3332 ex
1080 3274 1187 3333 Maria

437 3354 564 3430 Sequens
583 3355 684 3414 Versus
697 3356 807 3414 dieitur
821 3365 871 3414 tor.

171 3433 297 3493 Balaam
310 3434 347 3493 de
360 3454 419 3511 quo
429 3436 603 3507 vaticinans,
614 3437 720 3494 Exibit
733 3457 771 3495 ex
784 3437 879 3495 Jacob
892 3436 1027 3508 rutilans,
1040 3436 1147 3513 inquit,
1160 3436 1254 3508 stella,

172 3515 214 3587 Et
227 3515 394 3593 confringet
407 3517 516 3575 ducum
530 3518 649 3594 agmina
661 3518 789 3594 regionis
803 3517 895 3575 Moab
908 3518 1038 3574 maxima
1050 3517 1192 3594 potentia.

171 3595 255 3655 Huic
279 3598 358 3673 magi
382 3616 506 3656 munera
530 3599 666 3657 deferunt
693 3600 841 3675 praeclara,
866 3618 973 3656 aurum
997 3598 1093 3670 simul,
1119 3598 1198 3670 thus,
1225 3605 1256 3656 et

251 3697 281 3735 m
336 3678 412 3736 ham.

170 3757 271 3817 Thura
282 3697 384 3896 11111111
397 3760 568 3836 praedicant,
580 3779 653 3819 auro
666 3779 763 3838 regem
774 3780 923 3838 magnum,
935 3760 1085 3818 hominem
1099 3759 1254 3818 mortalem

251 3858 335 3915 myrr
355 3859 380 3897 a

170 3920 210 3978 In
230 3920 342 3979 somnis
362 3921 416 3978 hos
434 3928 538 3981 monet
556 3921 686 4000 angelus,
701 3942 739 3980 ne
761 3922 883 3981 redeant
900 3922 938 3980 ad
956 3941 1054 4000 regem
1073 3927 1253 3979 commotum

250 4007 374 4079 propter
385 4021 483 4081 regna

170 4081 304 4141 Parebat
317 4083 423 4141 etinim
436 4084 563 4142 nimium
576 4103 675 4161 regem
688 4089 804 4157 natum,
814 4103 918 4143 verens
932 4085 1069 4142 amittere
1079 4084 1162 4161 regni
1171 4083 1250 4158 jura.

170 4161 256 4241 Magi
269 4163 327 4221 sibi
339 4164 425 4222 stella
439 4165 567 4223 micante
580 4165 691 4242 praevia

170 4242 306 4322 Pcrgnnt
320 4244 430 4303 alacres
442 4246 560 4319 itinera,
575 4246 703 4323 patriam

171 4323 244 4394 Quae
258 4341 309 4384 eos
322 4324 468 4384 ducebant
482 4327 520 4385 ad
534 4327 691 4404 propriam,
708 4327 877 4404 linquentes
890 4326 1020 4384 Herodis
1033 4325 1180 4383 mandata.

170 4404 230 4475 Qui
250 4406 403 4484 perculsus
420 4407 506 4466 corde
524 4407 618 4466 nimia
634 4428 695 4486 prae
712 4409 757 4466 ira
775 4409 924 4485 extemplo
946 4407 1068 4465 mandat
1088 4405 1251 4463 infantulos

249 4506 304 4565 per
316 4493 422 4545 cuncta
