2804 4920
110 278 152 341 88
507 274 654 341 Felice.
670 274 713 341 iu
727 273 784 341 die
798 274 903 341 Gerre.

167 443 239 503 Noa
266 443 377 503 dicitru·
404 442 507 502 Gloria
530 442 626 516 Patri,
650 442 702 501 aed
730 450 880 519 repetatur
910 441 981 502 Ant
1011 442 1145 503 (inlicem
1170 440 1313 505 adamus

107 524 259 603 accipiam,
273 530 305 583 et
316 543 425 584 nomen
439 523 562 582 Domini
575 523 727 582 invocabo.

169 620 309 679 Psalmus
320 618 410 696 (mia
425 618 547 698 (120)).

168 701 220 761 Ad
234 699 406 774 Dominum,
420 720 488 758 cum
501 699 668 773 tribularer,
684 699 828 759 clamavi:
848 707 880 759 et
892 700 1049 759 exaudivit
1060 719 1116 761 me.

108 782 247 853 Domine,
261 781 355 841 libera
366 781 496 841 animam
508 800 605 840 meam
617 802 636 839 a
649 781 736 840 labiis
748 781 877 860 iniquia:
897 789 929 840 et
941 802 960 839 a
972 781 1078 859 lingua
1088 781 1200 843 dolosa.

110 863 191 933 Quid
204 864 293 922 detur
304 863 369 934 tibi,
385 868 438 921 aut
451 863 522 939 quid
535 868 702 940 apponatur
714 863 789 922 tibi:
809 862 848 920 ad
860 862 993 941 linguam
1006 863 1160 924 dolosami

109 944 232 1021 Sagittae
245 944 376 1021 petentis
388 950 500 1002 acutae:
520 964 587 1002 eum
601 944 779 1002 carbonibus
791 943 983 1003 desolatoriis„

109 1024 182 1083 Heu
205 1025 290 1097 mihi,
308 1025 380 1102 quia
401 1025 548 1083 incolatus
569 1044 653 1083 meus
673 1025 866 1102 prolongatus
887 1031 951 1099 est,
978 1024 1114 1083 habitavi
1135 1044 1206 1085 cnm
1229 1023 1312 1084 habi-

188 1106 322 1165 tantibus
337 1105 450 1166 Oedar:
472 1104 601 1164 multum
614 1105 712 1164 incola
723 1105 783 1163 fuit
796 1106 897 1164 anima
910 1125 984 1164 mea.

110 1186 185 1245 Cum
207 1186 255 1245 hie
279 1186 333 1264 qui
353 1188 481 1246 oderunt
502 1206 604 1265 pacem
628 1206 709 1245 eram
729 1186 887 1265 pacificus:
915 1206 984 1247 cum
1006 1186 1152 1265 loquebar
1167 1186 1240 1263 illis,
1258 1188 1311 1247 im·

188 1269 361 1347 pugnabant
374 1287 421 1327 me
437 1269 537 1346 gratia

167 1365 345 1443 Antipiltoua

167 1447 244 1506 Cum
256 1448 303 1505 his
317 1448 369 1525 qui
382 1448 509 1506 ederunt
525 1466 628 1525 pacem
645 1466 726 1506 eram
746 1446 902 1525 pacificus:
922 1467 990 1507 cum
1008 1447 1156 1525 loquebar
1173 1448 1246 1524 illie,
1258 1448 1310 1507 im·

107 1529 281 1607 pugnabant
293 1549 340 1587 me
352 1529 453 1606 gretia
616 1576 618 1581 ,

167 1625 306 1684 Paulmua
319 1624 446 1700 (cmix.
463 1623 584 1703 (140)).

168 1706 259 1783 Eripe
272 1725 327 1776 me,
343 1705 479 1774 Domine,
493 1706 531 1763 ab
545 1705 664 1763 homine
676 1704 754 1763 male
766 1726 773 1764 ε
792 1725 811 1764 a
823 1706 890 1763 viro
902 1705 1006 1782 iniquo
1019 1705 1101 1783 eripe
1113 1726 1170 1765 me.

168 1787 229 1857 Qui
241 1787 447 1863 cogitaverunt
459 1787 634 1863 iniquitates
647 1787 679 1844 in
693 1787 797 1845 eorde:
818 1794 883 1845 tota
902 1787 951 1845 die
964 1787 1188 1846 constituebant
1200 1786 1307 1865 prelia

166 1870 325 1927 Acuerunt
336 1867 454 1946 linguas
466 1886 534 1925 enas
548 1869 625 1926 sicut
640 1874 808 1946 serpentes:
828 1887 977 1926 venenum
994 1868 1132 1945 aspidum
1149 1869 1206 1927 snb
1226 1868 1309 1927 labiis

107 1969 291 2125 eorfflodi
309 2049 364 2103 me,
379 2030 518 2102 Domine,
533 2029 570 2087 de
589 2049 681 2088 manu
700 2030 879 2108 peccatoris:
899 2036 930 2089 et
950 2030 990 2088 ab
1008 2029 1181 2089 hominibus
1200 2030 1309 2107 iniquis

106 2131 453 2285 enI)Du1¹ile⁴cog'iterarunt
474 2191 664 2268 supplantare
685 2211 801 2270 gressus
823 2211 921 2251 meos:
951 2191 1171 2251 absconderunt
1191 2191 1308 2270 superbi

105 2272 526 2448 lapufipnfiuperppkmdmnt
545 2353 579 2411 in
598 2353 755 2431 laqueum:
770 2355 863 2432 juxta
882 2354 941 2412 iter
954 2353 1126 2413 scandalum
1146 2359 1308 2431 posuerunt

107 2434 242 2573 mlhDixi
263 2513 411 2586 Domino;
431 2514 513 2573 Deua
533 2535 616 2573 meus
635 2535 666 2574 es
686 2522 740 2575 tu:
759 2516 879 2589 exaudi,
894 2516 1031 2588 Domine,
1049 2535 1153 2575 rocem
1177 2516 1307 2595 depreca-

106 2604 304 2774 tlongoffig'
319 2644 455 2749 Domine,
470 2677 566 2735 virtus
579 2678 683 2737 salutis
697 2698 768 2736 meae
781 2699 788 2736 ι
809 2679 993 2737 obumbrasti
1006 2698 1095 2757 super
1107 2686 1199 2757 caput
1212 2697 1307 2738 meum

106 2780 138 2818 111
153 2759 361 2899 dliolrelliadas
383 2861 438 2909 me,
460 2840 596 2912 Domine,
615 2861 633 2898 a
655 2841 800 2899 desiderio
822 2860 887 2899 meo
911 2841 1075 2917 peccatori:
1102 2841 1308 2918 cogitaverunt

106 2930 209 2982 eontra
222 2942 269 2980 me
280 2942 289 2995 3
319 2942 357 2979 ne
371 2921 558 2999 derelinquas
571 2942 628 2993 me,
644 2941 681 2979 ne
696 2921 772 2979 forte
786 2922 965 2980 exaltentur.

166 3005 264 3081 Caput
278 3004 419 3061 circuitus
433 3023 551 3061 eorum:
574 3004 657 3060 labor
671 3003 817 3061 labiorum
830 3004 963 3079 ipsorum
977 3002 1090 3079 operiet
1103 3022 1161 3061 eos.

167 3085 283 3178 (ladent
304 3103 392 3162 super
413 3104 461 3142 eos
481 3085 629 3158 carbones,
644 3085 677 3141 in
697 3085 797 3161 ignem
815 3084 933 3160 dejicies
955 3103 1022 3142 eos:
1045 3084 1078 3141 in
1099 3084 1227 3142 miseriis
1248 3102 1307 3143 non

107 3165 233 3303 snbsldlre
234 3171 391 3322 linguosus
405 3265 465 3302 non
474 3245 619 3323 dirigetur
629 3246 661 3303 in
670 3252 751 3304 terra
764 3268 771 3306 ε
792 3246 891 3303 virum
902 3246 1048 3322 injustum
1058 3245 1136 3303 mela
1146 3246 1265 3324 capient
1277 3246 1308 3303 in

109 3332 302 3485 lnteiidlglnoui
322 3407 394 3483 quia
414 3407 503 3465 faciet
523 3408 670 3466 Dominus
694 3408 843 3485 judicium
865 3408 979 3484 inopis:
1005 3414 1035 3465 et
1056 3408 1221 3465 vindictam
1240 3427 1309 3486 pau·

110 3507 386 3627 peruppdmmmmen
407 3569 480 3639 irati
502 3571 723 3629 confitebuntur
744 3569 857 3628 nomini
880 3575 952 3627 tuo:
981 3575 1013 3628 ct
1033 3569 1215 3628 habitabunt
1235 3568 1308 3629 recti

112 3669 179 3709 cum
192 3649 280 3707 vultu
293 3656 353 3708 tuo.
658 3655 660 3659 ‘

172 3742 350 3818 Auratam.

173 3825 225 3884 Ab
238 3824 407 3883 hominibus
419 3825 529 3904 iniquis
542 3826 636 3886 libera
648 3847 704 3899 me,
720 3825 857 3885 Domine.

171 3924 313 3984 Fecimus
324 3923 395 4003 (cxl
409 3924 483 4002 (141
487 3925 530 4004 )).

172 4006 311 4079 Domine,
327 4006 453 4065 clamavi
469 4007 507 4065 ad
526 4013 565 4082 te,
579 4007 689 4066 exaudi
705 4027 771 4066 me:
799 4005 921 4065 intende
938 4004 1003 4064 voci
1020 4024 1101 4076 meae,
1119 4024 1187 4063 cum
1205 4005 1308 4064 clama·

112 4088 331 4249 veropffigtiiur
356 4169 450 4228 oratio
477 4189 542 4228 mea
563 4170 641 4229 sicut
661 4171 815 4230 incensum
842 4170 874 4227 in
898 4173 1054 4246 conspeetu
1081 4172 1152 4226 tuo:
1183 4167 1308 4227 elevatio

112 4272 254 4312 manuum
268 4272 400 4311 mearum
413 4252 586 4310 sacrificium
600 4254 809 4329 vespertinum.

160 4333 264 4429 .Pone,
280 4334 418 4409 Domine,
436 4333 599 4393 custodiam
616 4335 663 4393 ori
679 4354 762 4393 meo:
790 4339 823 4392 et
842 4332 952 4391 ostium
972 4329 1202 4391 circumstantia
1223 4329 1308 4390 labiis

112 4434 192 4475 meaa
