2804 4920
340 313 389 377 Ia
412 311 535 378 Natali
556 312 667 377 unius
688 311 864 397 Martyris.

122 479 167 536 Hi
181 488 252 537 sunt
265 479 383 549 milites,
395 481 446 556 qui
460 480 565 537 mundi
574 479 748 557 praeliamnt
761 479 847 537 bolla

122 560 246 618 Coronis
259 561 335 618 albis
348 569 527 619 coronantur
540 562 645 631 sancti,

121 641 180 710 Qui
195 645 369 700 confitentes
382 642 571 700 cradidcnunt
580 643 670 717 juste,

120 723 168 779 Ac
181 722 239 780 fidc
249 730 396 780 contantes
409 730 585 798 respuerunt
599 743 682 781 vana.

120 802 214 860 Modo
226 803 338 861 habent
351 804 479 861 caelestia
492 824 592 880 regua,

121 883 160 940 In
174 904 233 960 qua
246 884 435 961 triumphant
448 884 578 942 dicentes
591 885 709 960 optime,

121 963 192 1023 Sive
205 965 365 1023 decantant
378 966 537 1042 psallentes
551 966 681 1022 carmina

120 1048 200 1103 Arta
215 1046 365 1117 laudiflua,

122 1125 204 1183 Vocc
218 1126 394 1197 dulcimoda,

120 1206 198 1284 ΒΨ
212 1208 331 1266 Christo
342 1209 553 1266 submittentes
566 1209 648 1265 colla

120 1287 255 1346 Multum
264 1290 397 1346 recitaris
406 1290 492 1346 laude
503 1290 672 1366 spirituum,

119 1369 225 1445 Atque
240 1370 379 1446 jubilaris
390 1372 422 1428 in
436 1370 525 1428 choro
538 1370 698 1447 virginum,

119 1449 269 1527 Alleluya

119 1530 296 1589 Dulcimodc

119 1611 161 1669 To
171 1612 331 1670 decantant
344 1613 482 1688 pudicum
498 1612 623 1688 agmina.

119 1692 200 1750 Laus
212 1694 271 1751 tibi
282 1695 322 1750 sit
336 1714 458 1771 sempor,
475 1694 602 1764 Christe,
616 1713 669 1769 per
682 1693 790 1761 omnia,

120 1773 182 1841 Qui
195 1775 352 1851 opitularis
365 1780 519 1832 cantantes
533 1775 605 1831 talia

125 1854 202 1912 Voce
216 1855 345 1932 pulchra.

119 1935 263 2012 Alleluya

120 2017 161 2073 Et
174 2036 228 2074 nos
243 2018 299 2074 tibi
312 2017 526 2094 proclamemus
540 2037 617 2074 una:

119 2097 168 2155 Da
182 2099 266 2155 nobis
280 2107 391 2155 aeterns
405 2117 495 2174 regna
508 2097 622 2170 florida,

120 2177 185 2235 Ubi
198 2185 351 2236 cantemus
364 2198 465 2237 omnffl
481 2169 629 2251 Alleluya.

68 2256 99 2313 El
112 2259 249 2317 similiter
262 2261 282 2316 d
285 2261 380 2318 icatur
393 2261 451 2317 isto
464 2260 621 2334 Sequentia
634 2259 667 2315 in
679 2257 772 2316 Fastis
780 2257 980 2334 plurimorum
994 2265 1170 2330 martyrum.

68 2339 228 2397 Secuudum
241 2339 267 2396 J
266 2341 409 2398 ohannem
422 2341 490 2415 (xii.
508 2341 623 2417 24-20).

68 2418 98 2476 ln
125 2420 179 2477 illo
201 2428 344 2498 tompoue,
369 2422 459 2478 Dixit
481 2421 503 2479 J
505 2441 570 2478 esus
594 2421 748 2496 discipulis
770 2420 831 2477 suis
844 2439 852 2489 ;
883 2420 992 2490 Anien,
1015 2438 1112 2485 amen,
1137 2416 1203 2475 dico

68 2520 88 2562 s.
103 2501 174 2558 Nisi
187 2521 312 2577 granum
327 2523 417 2578 usquc
432 2503 472 2558 ad
487 2502 578 2559 Pater
591 2522 682 2573 mous,
699 2501 751 2577 qui
765 2508 809 2557 cst
825 2501 856 2557 in
871 2501 956 2557 caelis.

68 2581 226 2640 §scandam
240 2582 415 2640 Mammam
431 2584 508 2657 (ssi.
526 2583 640 2657 24-28).

68 2660 99 2720 ln
119 2664 174 2720 illo
192 2671 334 2741 tempore,
350 2665 439 2721 Dixit
459 2663 549 2721 Jcsus
570 2663 722 2740 discipulis
741 2664 820 2733 suis:
845 2663 877 2719 Si
896 2663 962 2738 quis
981 2661 1048 2717 vult
1068 2666 1135 2736 post
1156 2679 1202 2716 mo

68 2763 97 2801 rc
111 2745 259 2819 usquead
272 2745 382 2802 Filium
397 2745 525 2802 hominis
539 2745 708 2803 venientem
722 2745 754 2801 in
768 2763 859 2820 regno
872 2763 932 2800 suo.

68 2823 228 2884 l'ecsnadum
241 2825 351 2883 Lucam
367 2827 411 2901 (a.
431 2826 546 2904 16-20).

68 2904 95 2963 [n
108 2906 163 2965 illo
177 2913 319 2984 temporo,
336 2908 424 2965 Dixit
437 2906 459 2964 J
461 2927 526 2964 esus
540 2907 692 2982 discipulis
705 2906 785 2978 suis;
807 2905 866 2975 Qui
880 2924 933 2961 vos
946 2904 1039 2973 audit,
1056 2922 1103 2958 nu»
1116 2901 1201 2958 audit

69 2989 141 3045 cad
154 2989 277 3045 nomina
289 2996 390 3046 vostra
402 2989 512 3064 scripta
526 2999 596 3045 sunt
609 2989 641 3044 in
655 2987 740 3045 coelis.

68 3067 226 3127 iocundum
240 3068 353 3127 Lucam
366 3070 440 3143 (xis.
458 3069 576 3145 26-33)

68 3150 94 3207 [n
117 3149 173 3207 illo
196 3157 338 3226 tempore,
356 3151 446 3208 Dixit
467 3150 556 3208 Jcsus
578 3149 730 3226 discipulis
752 3149 812 3207 suis
824 3169 831 3220 ;
854 3148 885 3205 Si
908 3148 975 3223 quis
988 3146 1073 3204 scuit
1094 3145 1132 3202 ad
1155 3164 1202 3200 1no

68 3252 83 3288 c
96 3232 140 3288 ad
154 3250 216 3288 ιιοιι
229 3238 327 3309 potest
341 3251 403 3290 csse
416 3251 500 3289 meus
513 3231 682 3307 discipulus.

68 3311 227 3370 hundam
241 3312 416 3370 Maltlumm
429 3313 474 3390 (a.
491 3313 612 3387 26-32).

68 3392 163 3451 nilla
177 3401 317 3470 tompore,
334 3394 423 3451 Dixit
436 3394 457 3452 J
459 3413 525 3451 esus
539 3393 690 3469 discipulis
703 3393 764 3449 suis
777 3412 785 3463 3
808 3391 894 3448 Nihil
908 3398 1042 3467 optutum
1058 3410 1148 3464 usque
1162 3389 1202 3444 ud

68 3494 91 3531 ιι
107 3473 201 3532 Putre
215 3494 288 3545 meo,
303 3476 356 3551 qui
369 3485 415 3532 ost
427 3474 460 3531 in
474 3475 559 3531 caelis.

68 3556 225 3613 lactandum
240 3554 413 3613 diacalamus
427 3555 471 3629 (a.
489 3556 603 3629 tls-42).

68 3637 93 3693 [n
113 3635 168 3694 illo
189 3645 330 3713 tempora,
346 3637 436 3694 Dixit
450 3636 538 3693 Jcsus
558 3636 712 3711 discipulis
732 3635 813 3703 suis;
836 3634 940 3691 Nolito
961 3632 1100 3690 arbitrari
1122 3630 1200 3707 quod

68 3719 127 3775 rim
141 3736 244 3795 pacem
258 3719 378 3776 mittero
391 3738 482 3793 usquc
495 3718 537 3775 ccl
549 3737 609 3774 non
623 3717 727 3793 perdet
741 3717 904 3773 mercedem
918 3734 1009 3772 suam.

68 3800 226 3856 locanda-m
238 3797 413 3857 Jotaanem.

68 3879 94 3936 [u
118 3879 172 3937 illo
193 3887 336 3957 temporo,
358 3879 447 3938 Dixit
469 3879 559 3937 Jesus
581 3879 732 3954 discipulis
754 3879 815 3935 suis
827 3898 835 3949 ;
862 3878 926 3951 Ego
948 3895 1012 3932 suut
1036 3874 1199 3941 vicissem,

68 3961 107 4017 irc
122 3960 156 4018 in
170 3959 331 4019 Communi
342 3961 592 4036 emmelislurmu.

68 4041 225 4100 lactandum
234 4040 261 4098 J
259 4041 409 4101 ohannem.
467 4102 470 4111 ,

68 4121 97 4179 [n
120 4122 173 4180 illo
195 4129 338 4200 tompore,
363 4123 453 4181 Dixit
473 4123 563 4181 Jcsus
586 4122 739 4197 discipulis
759 4121 841 4179 suis:
870 4119 933 4195 Ego
956 4136 1021 4174 sum
1045 4117 1124 4186 vitis,
1148 4134 1199 4169 vos

68 4202 143 4275 lites,
158 4205 274 4280 acquiro
286 4205 321 4263 ia
340 4204 448 4279 l'iqilia
460 4204 553 4261 stacius
567 4203 697 4278 apostoli.

68 4282 252 4357 lfferarium

68 4362 198 4439 ?osuisti,
212 4366 352 4449 Domina
368 4366 401 4424 in
415 4365 511 4442 capito
532 4367 596 4442 ejus
616 4384 752 4422 coronam
768 4362 805 4420 do
825 4361 923 4439 lapido
937 4360 1086 4438 pretiou:
1109 4358 1202 4415 vitam

68 4450 89 4500 t
100 4464 118 4502 a
129 4452 169 4517 tc,
184 4447 366 4506 attribuisti
379 4447 416 4519 ci,
431 4447 568 4523 alleluya.
584 4447 719 4520 alleluya.
