2806 4920
501 230 615 298 Misso
633 251 698 319 pro
718 230 902 320 &fiendis
1233 240 1297 304 438

164 477 293 537 Animas
311 476 490 536 famulorum
508 477 745 555 famularumque
764 485 893 551 tuarum,
910 498 1088 557 quesumus,
1108 481 1246 554 Domine,
1259 484 1299 541 ab

103 558 242 618 omnibus
268 557 351 616 vitiis
378 557 554 617 conditionis
580 557 716 617 humana
735 559 798 618 lise
817 559 952 620 absolvat
974 562 1094 636 oblatio,
1118 583 1184 640 qua
1207 564 1296 624 etiam

102 638 199 699 totius
211 638 316 697 mundi
328 637 402 696 tulit
414 638 567 697 immolata
578 646 738 716 peccatum.
781 639 847 699 Per.

165 719 408 780 Poetcommmu'o.

165 801 279 859 Annue
298 799 393 873 nobis,
408 819 585 877 quesumus,
599 798 735 874 Domine,
755 819 808 878 per
830 802 886 860 hcc
906 802 1081 864 sacrificium
1102 805 1181 882 quod
1202 824 1298 885 sump

102 881 206 954 simus,
220 887 257 940 ut
269 882 375 939 enimse
394 880 573 939 famulorum
595 880 831 958 famular-sumque
855 888 975 941 tuarum
996 885 1197 946 remissionem
1210 907 1298 965 quam

102 968 284 1040 optavenmt
297 967 467 1021 mereantur
479 960 627 1039 percipere
638 968 832 1038 peccatorum.
874 962 934 1021 Per
946 963 1118 1029 Dominum.

454 1156 519 1215 Pro
539 1172 634 1216 sarco
653 1172 756 1216 rores
775 1157 950 1217 Dssuscro.

168 1237 277 1297 Oratio.

165 1318 289 1397 Adjuva
300 1337 362 1392 nos,
377 1316 506 1377 Domine
527 1318 608 1376 Deus
627 1323 736 1388 noster,
749 1325 780 1376 et
792 1318 968 1377 beatissima
982 1319 1041 1379 Dei
1053 1323 1211 1399 genetricis
1227 1343 1298 1382 sem-

103 1418 216 1477 perque
239 1399 363 1477 virginis
389 1398 495 1457 Maris
518 1398 661 1475 precibus
687 1404 836 1472 exoratus,
859 1399 990 1458 animam
1010 1401 1116 1461 famuli
1132 1402 1179 1462 tui
1202 1403 1242 1462 N.
1267 1405 1298 1461 in

102 1479 289 1540 beatitudine
300 1478 484 1557 sempiternae
497 1479 571 1538 lucis
584 1479 739 1538 constitue
781 1479 840 1538 Per
852 1480 986 1540 eundem.

167 1641 296 1718 Suscipe,
312 1660 487 1717 quaesumus,
503 1639 642 1714 Domine,
656 1639 783 1698 hostiam
802 1641 975 1718 placationis
987 1649 1019 1701 et
1031 1642 1128 1703 laudis
1140 1664 1230 1722 quam
1243 1646 1300 1703 tibi

101 1721 262 1781 inhonore
279 1722 370 1780 besta
391 1722 449 1780 Dei
468 1721 625 1799 genetricis
645 1741 816 1798 semperque
836 1722 960 1799 virginis
981 1723 1086 1783 Marias
1107 1727 1226 1785 nomine
1247 1733 1301 1786 tuo

100 1802 331 1862 consecrandam
350 1801 516 1872 deferimus,
544 1809 575 1860 et
604 1821 658 1879 pro
679 1803 779 1879 requie
796 1802 900 1862 famuli
921 1803 969 1861 tui
990 1802 1029 1865 N.
1051 1805 1109 1864 tibi
1130 1806 1301 1886 suppliciter

104 1884 301 1942 immolamus.
344 1882 403 1940 Per
415 1883 549 1941 eundem.

167 1963 410 2024 Poeteommunio.

165 2045 340 2104 Accendant
358 2043 395 2102 cd
416 2051 455 2116 te,
471 2044 609 2117 Domine,
626 2062 725 2121 preces
744 2051 860 2117 nostroe,
875 2052 907 2103 et
925 2045 1056 2104 animam
1076 2046 1181 2105 famuli
1200 2050 1246 2108 tui
1259 2049 1299 2107 N.

104 2125 215 2204 gaudia
236 2131 347 2183 retema
369 2124 538 2201 suscipiant,
553 2131 585 2182 et
604 2144 692 2202 quem
713 2124 809 2183 fecisti
831 2125 999 2203 adoptionis
1019 2128 1201 2205 participem,
1213 2130 1302 2188 inter·-

102 2207 228 2266 cedente
241 2206 328 2265 beata
341 2207 399 2264 Dei
405 2205 555 2284 genetrice
565 2205 672 2279 Maris,
678 2206 783 2281 jubeas
791 2205 968 2265 hereditatis
981 2213 1040 2266 tuse
1051 2228 1112 2267 esse
1126 2218 1298 2269 consortem.

106 2286 174 2347 Per.

403 2404 469 2464 Pso
489 2421 624 2463 curemus
645 2420 803 2462 rmmsos
825 2405 1011 2465 Duroscrrs.

170 2485 281 2547 Oratio.

169 2566 326 2639 Fidelium,
340 2568 429 2641 Deus,
443 2566 575 2625 omnium
585 2566 720 2624 conditor
732 2572 764 2623 et
776 2565 952 2644 redemptor,
963 2569 1118 2627 animabus
1128 2571 1304 2629 famulorum

105 2647 343 2724 famularumque
362 2654 481 2706 tuarum
503 2648 702 2705 remissionem
722 2655 897 2705 cunctorum
918 2648 1017 2707 tribue
1036 2657 1222 2727 peccatorum
1232 2672 1241 2723 ;
1268 2660 1303 2708 ut

106 2728 324 2806 indulgentiam
337 2748 426 2806 quam
446 2748 561 2806 semper
573 2732 760 2805 optaverim,
774 2727 832 2804 piis
852 2728 1116 2807 supplicationibus
1129 2750 1304 2810 consequan-

108 2816 168 2870 tur.
212 2809 272 2881 Qui
285 2808 362 2868 vivis
375 2816 529 2887 etregnas

170 2888 291 2951 &cels

170 2970 304 3044 Hostiae,
328 2989 504 3047 quesumus,
530 2969 667 3042 Domine,
689 2989 762 3048 ques
786 2969 844 3027 tibi
869 2989 923 3047 pro
945 2970 1099 3030 animabus
1125 2971 1303 3032 famulorum

108 3051 346 3129 famularumque
366 3057 486 3109 tuarum
505 3051 663 3123 offerimus,
685 3051 863 3128 propitiatus
882 3051 1003 3109 intende
1013 3071 1023 3124 3
1048 3057 1084 3109 ut
1106 3053 1214 3128 quibus
1235 3054 1304 3114 fidei

108 3132 286 3192 christiana
299 3131 438 3190 meritum
451 3131 613 3204 contulisti,
627 3131 718 3191 dones
730 3138 762 3190 et
773 3132 936 3209 praemium.
979 3132 1037 3191 Per
1057 3132 1220 3192 Dominum
1240 3155 1304 3194 noe-

109 3218 199 3272 trum
772 3230 778 3243 “

171 3293 413 3353 Posteommweio.

170 3374 348 3446 Animabus,
384 3391 559 3451 quesumus,
596 3372 733 3443 Domine,
768 3371 901 3431 omnium
934 3373 1066 3433 fidelium
1099 3376 1304 3438 defunctorum

106 3455 206 3514 oratio
225 3455 358 3533 proficiat
377 3452 608 3531 supplicantium
616 3473 626 3526 3
649 3460 684 3510 ut
703 3472 752 3511 ees
769 3459 801 3511 et
816 3472 835 3510 a
851 3455 979 3530 peccatis
998 3456 1136 3517 omnibus
1155 3478 1255 3533 exuas,
1273 3467 1303 3518 et

110 3542 171 3597 tua
184 3536 394 3613 redemptionis
406 3535 496 3593 iacias
508 3553 570 3594 esse
583 3534 747 3612 participes
789 3533 850 3603 Qui
863 3533 942 3593 vivis
954 3542 985 3595 et
997 3557 1110 3616 regnes

372 3717 490 3777 Omne
510 3732 680 3776 ommis
700 3731 741 3774 ns
760 3731 896 3777 euersos
916 3716 1050 3778 Sescrrs

172 3865 316 3924 Omnium
342 3869 511 3923 sanctorum
537 3868 657 3921 tuorum
673 3862 940 3937 intercessionibus,
966 3882 1142 3940 quaesumus,
1167 3865 1305 3937 Domine,

109 3947 208 4024 gratie
226 3952 280 4005 tua
292 3965 346 4004 nos
358 3962 473 4022 semper
486 3950 614 4022 protege,
628 3950 660 4002 et
673 3943 851 4002 Christianis
870 3943 1006 4002 omnibus
1026 3944 1198 4006 viventibus
1216 3955 1306 4026 atque

109 4026 259 4087 defunctis
278 4025 506 4085 misericordiam
526 4024 637 4102 ubique
655 4024 804 4101 prsetende
813 4044 822 4097 ;
841 4031 878 4082 ut
891 4023 1026 4082 viventes
1045 4025 1084 4082 ab
1104 4027 1241 4087 omnibus
1254 4031 1306 4087 im·

110 4108 342 4187 pugnationibus
365 4106 427 4165 sint
447 4115 501 4164 tua
526 4103 722 4183 opitulatione
748 4103 868 4175 defensi,
893 4111 925 4162 et
950 4104 1082 4164 defuncti
1105 4108 1306 4169 remissionem

110 4195 283 4250 mereantur
295 4187 444 4266 percipere
456 4205 578 4246 suorum
591 4184 725 4244 omnium
738 4191 932 4262 peccatorum
975 4184 1041 4245 Per.

171 4268 294 4329 Secreta.

173 4349 381 4411 oblationibus
405 4348 522 4421 nostris,
545 4365 721 4426 quesumru,
745 4345 884 4420 Domine,
904 4346 1050 4426 propitius
1070 4348 1202 4424 intende,
1219 4360 1250 4410 et
1272 4354 1310 4413 ob

584 4444 632 4488 H
