2804 4920
106 288 172 352 ³62
546 284 642 352 Festo
663 282 867 351 Novembris.

167 453 239 513 Alio
251 452 371 514 Secreta.

168 533 250 593 Vota
262 535 363 612 populi
378 534 432 607 tui,
444 534 581 606 Domine,
597 533 774 612 propitiatus
786 532 908 591 intende
918 552 928 603 ;
949 537 980 591 et
992 550 1123 610 quorum
1135 550 1194 590 nos
1207 530 1307 589 tribuis

107 614 260 674 sollemnia
273 615 427 685 celebrare,
441 615 487 673 fae
500 615 627 693 gaudere
639 613 794 691 suffragiis
837 613 902 672 Per.

169 695 351 756 Communia.
392 695 501 754 Fidelis
514 716 622 755 servus.

168 777 409 835 Portemumunm.

168 858 306 935 Corporis
332 858 407 916 saeri
433 863 465 916 et
491 857 613 935 pretiosi
639 856 790 934 sanguinis
820 855 926 933 repleti
953 855 1104 930 libamine,
1131 874 1300 933 quesumus,

108 938 236 998 Domine
250 939 332 997 Deus
345 946 453 1010 noster,
469 946 505 997 ut
517 939 596 1016 quod
613 939 664 1016 pis
679 938 835 997 devotione
854 938 991 1015 gerimus,
1005 944 1089 995 serta
1108 936 1301 1013 redemptione

108 1020 264 1096 capiamus.
308 1020 367 1078 Per
380 1020 551 1079 Dominum.

168 1100 240 1158 Alie
253 1101 493 1159 Pesteommum‘o.

169 1181 320 1258 Supplioes
341 1189 372 1239 te
393 1201 538 1258 rogamus,
559 1181 745 1257 omnipotens
766 1179 857 1253 Deus,
875 1186 911 1238 ut
927 1179 1181 1238 intercedentibus
1202 1177 1297 1236 eunetis

106 1261 175 1331 tuis,
190 1269 221 1321 et
234 1270 287 1320 tus.
300 1262 333 1319 in
346 1263 431 1321 nobis
445 1262 521 1321 dons
534 1262 712 1340 multiplices
725 1268 756 1320 et
768 1268 902 1339 tempora
915 1266 1017 1319 nostre
1029 1260 1178 1338 dispensa
1220 1260 1277 1317 Per.

296 1469 408 1527 Susum
429 1467 635 1536 Cunrsooom,
659 1482 822 1525 murare.
865 1466 938 1542 (viii
955 1466 1025 1525 Kal.
1041 1465 1127 1543 Dee)

170 1588 311 1664 Officium.
354 1589 527 1649 Loetobitur.

170 1669 279 1729 Oratio.

168 1750 283 1808 Adesto
297 1750 560 1828 supplieationibus
572 1751 690 1824 nostris,
705 1750 805 1827 utqui
819 1769 857 1808 ex
874 1749 1033 1827 iniquitute
1050 1755 1154 1807 noema
1172 1767 1234 1807 reos
1251 1767 1294 1805 nos

106 1850 168 1891 esse
180 1832 390 1909 eognoseimus‚
405 1831 486 1890 beati
500 1832 683 1910 Chrysogoni
696 1831 836 1908 martyris
849 1831 896 1889 tui
910 1830 1119 1889 interosssioue
1139 1829 1291 1888 liberemur.

109 1913 174 1972 Per.

169 1993 309 2070 Epistola.
352 1993 450 2051 Nemo
463 1993 603 2052 militans.

169 2074 304 2134 Croclule.
347 2073 487 2145 Posuisti,
503 2074 639 2132 Domine.

170 2155 319 2231 Alleluys.
368 2155 398 2213 V.
421 2155 586 2213 Laetabitur
595 2156 703 2232 justus.

168 2236 371 2311 Evangelium.
414 2235 501 2293 Nihil
515 2243 658 2313 opertum.

170 2316 363 2390 offertorium.
406 2316 508 2375 Gloria
521 2324 552 2375 et
565 2318 683 2375 honore.

168 2396 290 2455 Secreta.

169 2476 298 2536 Munere
311 2484 421 2551 nostra,
436 2498 613 2555 quesumus,
628 2478 765 2550 Domine,
781 2497 883 2536 sereno
896 2476 1011 2535 intuitu
1027 2474 1150 2553 suscipe,
1165 2481 1199 2533 ut
1216 2474 1284 2531 inter·

108 2558 229 2619 oedente
251 2559 337 2617 besto
359 2559 548 2636 Chrysogono
571 2565 700 2635 martyre
722 2564 784 2629 tuo,
803 2558 960 2616 criminum
982 2566 1153 2616 nostrorum
1173 2552 1282 2628 contagia

108 2648 215 2699 cuneta
228 2647 402 2717 expurgent.
447 2641 505 2697 Per
518 2641 689 2698 Dominum.

171 2721 352 2781 (loramento,
395 2721 533 2779 Posuisti.

170 2803 412 2862 Postcommunio.

168 2885 288 2955 Annus,
312 2885 448 2955 Domine,
464 2903 640 2959 quaesumus,
658 2889 693 2939 ut
712 2882 860 2958 mysteriis
881 2881 941 2939 tuis
958 2882 1072 2957 jugiter
1088 2881 1245 2958 repleamur,
1257 2878 1277 2929 el

108 2966 203 3024 sancti
217 2966 400 3042 Chrysogoni
415 2965 555 3041 martyris
568 2965 615 3021 tui
628 2984 742 3040 semper
756 2965 925 3020 muniamur
938 2963 1067 3020 auxiliis.
1111 2964 1174 3021 Per.

299 3162 427 3219 Seuere
448 3161 657 3230 errrsurxre,
679 3177 822 3218 vrnomrs
867 3160 929 3236 (vii.
947 3160 1016 3217 Kal.
1034 3161 1119 3239 Dec.)

171 3282 312 3357 Officium.
356 3285 543 3342 Gaudeamus
557 3305 664 3342 omues.

170 3364 317 3423 I'solueus.
361 3366 525 3423 Eructavit.

171 3444 281 3503 Oratio.
1254 3514 1258 3525 ¹

170 3526 259 3597 Deus,
286 3527 338 3603 qui
362 3527 469 3584 dedisti
491 3526 585 3603 legem
609 3526 708 3602 Moysi
730 3525 762 3581 in
786 3525 955 3583 summitate
979 3525 1089 3583 montis
1110 3524 1195 3595 Sinai,
1212 3524 1273 3603 etp

108 3605 209 3664 eodem
224 3607 287 3664 loeo
301 3628 353 3684 per
366 3608 484 3683 angelos
498 3614 565 3664 tuos
575 3628 679 3683 corpus
690 3609 782 3665 beatus
794 3607 979 3677 Katharinae‚
991 3607 1115 3682 virginis
1125 3614 1154 3663 et
1166 3606 1274 3672 martyffi

108 3694 176 3758 tuse,
192 3689 368 3746 mirabiliter
387 3689 555 3759 collocasti3
578 3690 874 3765 t1·ibue,qusesumus,
893 3695 928 3744 ut
949 3690 1011 3763 ejus
1033 3689 1145 3745 meritis
1167 3690 1194 3743 et
1210 3683 1273 3738 inter·

107 3770 235 3826 cessione
248 3771 286 3827 sd
305 3777 443 3843 montem,
458 3771 510 3847 qui
525 3770 661 3827 Christus
675 3778 728 3840 est,
743 3768 893 3826 valeamus
907 3769 1067 3845 pervenire.
1110 3769 1166 3826 Per
1178 3758 1272 3824 eundem

109 3849 280 3909 Dominum.

168 3931 310 4006 Epistola.
353 3933 482 3990 Domine
496 3933 579 3991 Deus
592 3952 682 3992 meus.

169 4012 303 4072 Crudele.
347 4013 499 4071 Dilexisti.

168 4093 317 4172 Alleluys.
366 4095 395 4154 V.
419 4095 561 4153 Percussa
573 4093 671 4171 gladio
683 4094 735 4151 det
748 4094 794 4152 lac
808 4114 861 4172 pro
875 4094 1017 4170 sanguine
1031 4094 1113 4166 collo,

420 4176 517 4246 Quam
530 4195 635 4232 munus
648 4175 779 4252 angelica
792 4176 928 4252 sepelivit
941 4177 1051 4234 vertice
1066 4176 1142 4233 Sine.

167 4254 333 4331 Sequentia.

228 4337 346 4396 Dilecto
360 4338 423 4414 regi
436 4340 586 4396 virtutum
599 4357 699 4397 omnes
713 4338 777 4414 pari
791 4339 944 4397 eoncordia

228 4417 345 4477 laudes
359 4419 462 4479 demus
475 4426 649 4479 venerantes
662 4420 752 4498 hujus
765 4420 825 4478 diei
838 4421 945 4496 gaudis
956 4440 966 4493 ;
