2804 4920
187 315 297 383 urea
317 314 358 383 oe
378 315 472 383 uec
493 315 613 382 uasa
632 315 883 404 repertae
1068 310 1134 387 eor

82 482 139 541 bus
156 481 190 542 in
209 482 290 562 ligno
302 484 397 543 crucis
415 483 547 562 posuisti,
563 489 595 542 et
613 503 750 542 coronam
766 483 917 561 spinarum
930 502 949 540 e.
964 481 1079 541 Judeis
1097 480 1132 541 in

94 563 143 622 tui
161 565 351 624 acutissimi
369 566 498 643 corporis
517 585 605 642 super
617 571 706 642 caput
719 571 806 623 tuum
823 565 991 642 impositum
1004 562 1133 622 sustinu-

82 645 200 722 pinque
212 641 341 706 milnere
353 666 407 725 pro
421 647 505 705 nobis
517 644 717 724 pescatoribus
730 645 762 703 in
776 647 871 704 crucis
883 644 1017 722 patibulo
1030 661 1134 721 passus

88 744 143 785 nce
151 745 233 786 sacro
246 728 390 806 sanguine
402 734 456 786 tuo
466 727 617 786 redemisti
623 747 632 799 ;
652 726 689 784 de
702 727 796 798 nobis,
806 745 982 803 quesumus,
993 724 1132 797 Domine,

98 807 230 884 quotidie
249 828 336 868 nsum
355 808 544 886 paenitentise,
559 807 755 878 abstinentiae,
775 807 934 885 patientiae,
955 804 1135 864 humilitatis

82 888 146 961 ιὼς
165 888 275 961 lumen,
288 908 416 960 sensum,
431 895 462 948 et
473 888 657 947 intellectum
678 894 709 946 et
721 907 821 946 rerem
834 889 986 946 scientiam
1000 886 1135 965 usquein

82 986 122 1040 ιω,
135 977 241 1046 perte,
254 971 276 1029 J
277 990 328 1030 esu
349 970 475 1042 Christe,
489 969 626 1028 Salvator
643 969 757 1041 mundi,
771 969 824 1047 qui
836 989 903 1028 cum
921 969 987 1027 Deo
1000 968 1090 1027 Patre
1103 973 1134 1025 et

82 1049 176 1108 lancto
189 1052 265 1110 viris
277 1059 309 1110 ct
321 1070 425 1130 regnas
439 1052 529 1125 Deus,
544 1050 603 1109 Per
615 1050 715 1110 omnia
724 1049 830 1109 secula
842 1049 1023 1108 saeculorum.

205 1237 308 1298 Missi
326 1254 369 1297 nn
388 1254 487 1297 snsrs
507 1236 620 1296 Masis
639 1237 857 1327 rslbnrssru.

82 1383 142 1440 unu
185 1382 299 1444 Rorete
308 1384 372 1444 celi
384 1385 518 1462 desuper,
533 1403 629 1460 quoere
645 1382 736 1442 Feriu
749 1390 858 1460 quarta
867 1389 934 1462 post
946 1380 1136 1441 Dominieom

82 1464 245 1544 Mecum

82 1564 115 1602 ιο.

82 1625 163 1702 equi
186 1625 223 1684 de
243 1625 337 1683 beatoe
360 1625 468 1684 Marius
488 1646 604 1703 semper
626 1624 753 1702 virginis
777 1631 863 1684 utero
884 1624 1021 1683 Verbum
1034 1628 1131 1696 tuum,

82 1706 235 1778 innuente,
250 1726 369 1765 cernem
391 1708 537 1785 suscipere
560 1706 703 1780 voluisti5
723 1713 831 1783 praesta
853 1705 1038 1782 supplicibus
1062 1703 1134 1777 tuis,

82 1806 122 1845 ere
136 1807 200 1844 eam
213 1788 393 1865 genetricem
405 1788 464 1846 Dei
477 1789 633 1860 oredimus,
645 1789 710 1864 ejus
723 1788 803 1866 epud
822 1793 853 1846 te
870 1785 1133 1845 intercessionibus

82 1888 127 1928 ur.
168 1868 229 1927 Per
241 1869 376 1927 eundem.
435 1918 438 1922 .
561 1918 564 1923 .

82 1969 99 2007 o
114 1949 213 2007 Eeaioe
228 1949 383 2025 Prophetes.

82 2030 167 2088 iebus
188 2030 257 2102 illis,
283 2030 414 2089 Locutus
435 2036 481 2089 est
504 2030 652 2089 Dominus
670 2031 708 2088 ad
728 2029 840 2101 Achae,
854 2028 954 2087 dicens
976 2047 1070 2104 usque
1093 2026 1136 2086 ad

82 2130 183 2183 onum,
197 2132 292 2187 quare
305 2112 357 2171 uti
366 2131 466 2189 supra.
897 2162 899 2167 .

82 2191 139 2249 tt.
182 2192 289 2250 Tollite
301 2199 410 2269 portas,
424 2192 578 2270 principes,
593 2198 713 2251 vestras

89 2273 235 2331 escendat

82 2372 152 2428 ,uya
201 2353 230 2412 V.
251 2355 321 2412 Ave
334 2352 441 2427 Meris,
456 2353 660 2431 gretiapleus,
675 2353 823 2412 Dominus
844 2359 961 2412 tecum:
981 2350 1137 2411 benedicta

81 2434 221 2492 ilicribus
416 2453 419 2457 ·

82 2515 166 2573 ertio.
209 2514 369 2573 Mittitsd
385 2513 551 2592 virginem
570 2514 616 2573 uel
632 2514 743 2573 Missus
762 2505 892 2587 Gabriel,
906 2515 1020 2594 require
1035 2532 1084 2574 eac
1104 2512 1140 2572 in

82 2596 148 2654 ione
161 2604 187 2653 et
201 2597 236 2654 iu
248 2596 411 2654 Nativitate
423 2596 558 2672 ejusdem

82 2676 208 2751 spolient
251 2676 363 2735 Missus
376 2683 422 2734 eet
435 2677 580 2754 Angelus,
592 2677 707 2753 require
720 2676 773 2736 eti
784 2696 885 2753 surpra.

82 2759 199 2818 terium
240 2759 318 2831 Ave,
334 2757 433 2815 Maria
445 2759 542 2836 gratie
555 2757 650 2836 plena

82 2919 207 2977 rentibus
220 2918 339 2992 nostris,
353 2939 530 2996 quesumus,
545 2919 682 2991 Domine,
696 2938 774 2976 vere
787 2917 857 2976 fidei
870 2921 1053 2976 sacramenta
1066 2934 1136 2974 con-

82 3006 106 3057 rt
118 3000 171 3077 qui
184 3006 357 3077 conceptum
375 2999 412 3059 de
433 3000 548 3078 virgine
563 3001 660 3058 Deum
674 3019 778 3058 verum
799 3006 830 3056 ct
849 2997 999 3056 homiuem
1018 2997 1139 3056 confite·

82 3101 102 3138 rr
135 3080 265 3157 ejusdem
298 3081 459 3139 salutiferae
485 3081 707 3140 resurrectionis
734 3079 900 3158 potentiam
929 3079 968 3138 ad
994 3084 1138 3137 aternam

82 3181 113 3220 ur
127 3162 286 3239 pervenire
298 3161 443 3220 lretitiam.
487 3161 555 3232 Qui.

82 3241 159 3301 irtio.
202 3243 243 3300 Et
256 3248 287 3300 te
300 3243 332 3301 in
347 3242 544 3301 veneratione.

81 3323 190 3382 munio.
233 3323 414 3400 Eccevirgu

82 3404 252 3463 wmmuuio.

82 3485 142 3542 iem
163 3493 255 3555 tuam,
278 3503 455 3562 quesumus,
478 3483 616 3555 Domine,
637 3483 792 3543 'mentibus
812 3483 923 3543 nostris
947 3482 1092 3556 infund03
1104 3489 1141 3542 ut

82 3566 127 3625 elo
140 3566 308 3637 nuntiante,
320 3565 434 3624 Christi
457 3565 529 3624 Filii
550 3566 597 3624 tui
617 3565 855 3624 incarnationem
874 3566 1074 3642 cognovimus,
1088 3583 1142 3641 per

82 3667 112 3706 m
131 3644 196 3724 ejus
209 3652 241 3706 et
253 3666 369 3706 crucem
389 3647 427 3704 ad
446 3646 669 3705 resurrectionis
688 3645 814 3725 gloriam
834 3646 1039 3724 perducamur.
1081 3644 1142 3703 Per

197 3858 298 3933 Mrssi
317 3874 359 3918 ns
378 3875 478 3919 snare
497 3856 609 3918 Minu
628 3874 723 3918 rums
743 3857 880 3917 Nisus

82 3961 151 3998 sum

82 4043 89 4079 .·
102 4027 191 4079 natus
204 4027 257 4093 est,
271 4041 366 4097 quoers
378 4020 415 4078 iu
423 4020 532 4081 Notati
543 4020 669 4081 Domini
681 4020 724 4079 ad
735 4019 860 4078 Missam
872 4017 907 4077 in
920 4018 976 4078 die
1002 4014 1005 4021 ’

82 4103 156 4160 brus.
200 4100 458 4180 Multiplicabitur.

82 4185 124 4242 tio.
168 4182 309 4242 Concede.

82 4266 150 4325 tols»
192 4264 243 4323 Au
256 4263 434 4341 Titianae,
450 4262 529 4341 4⁷).

82 4347 184 4405 ssime:
204 4345 358 4423 Apparuit
377 4345 545 4423 benignitus
565 4362 657 4422 euque
679 4342 721 4402 od
741 4356 824 4420 spem
845 4339 914 4400 rito
933 4346 1060 4402 stema.
1106 4340 1146 4402 In

82 4428 105 4487 J
105 4447 157 4486 esu
171 4426 301 4486 Domino
314 4433 423 4486 nostro.
