2804 4920
537 318 634 382 Festo
655 318 790 384 licerit.
1203 324 1267 394 247

54 480 226 554 contulisti,
258 482 384 541 concede
411 483 567 562 propitius,
595 485 705 563 utqui
737 491 923 561 peccatorum
945 494 1116 546 nostrorum
1139 489 1271 566 pondere

53 562 234 639 premimur,
248 564 312 639 ejus
325 564 405 641 apud
418 571 449 622 te
461 565 598 641 precibus
611 567 809 626 sublevemur.
850 567 917 627 Per.

123 642 267 719 Epistola.
311 645 447 703 Dilectus
461 647 534 705 Deo.

125 724 261 782 Grudolc.
304 725 427 784 Juravit
440 728 596 786 Dominus.

61 804 95 863 V.
125 804 216 863 Dixit
230 806 386 865 Dominus.

126 887 256 944 Tractus.
300 888 412 947 Beatus
421 889 478 959 vir,
494 891 547 966 qui
560 890 655 947 timet.

125 967 327 1042 Boonqelium.
369 970 435 1027 Vos
458 972 529 1028 estis
553 971 597 1028 sal
616 977 715 1042 terroe,
738 971 772 1029 in
797 971 957 1032 Omnmunc'
980 973 1073 1033 uude
1096 973 1266 1050 confessoris

58 1070 123 1105 non
133 1050 290 1124 pontilicis.

125 1129 228 1187 Credo.

125 1210 318 1284 offertorium.
360 1211 490 1270 Veritas.

123 1291 245 1350 semla.

122 1375 234 1431 Annue
256 1374 350 1444 nobis,
365 1375 504 1448 Domine,
523 1394 701 1450 quaesumus,
721 1384 765 1449 ut,
780 1376 982 1435 intercedente
1001 1379 1088 1436 besto
1109 1377 1262 1455 Gregorio,

53 1453 123 1511 lroec
136 1454 221 1512 nobis
234 1455 330 1530 prosit
343 1455 463 1528 oblatio,
480 1476 570 1532 quarn
579 1456 760 1515 immolando
770 1458 976 1516 totiusmundi
990 1459 1125 1518 tribuisti
1138 1460 1265 1518 relaxari
1364 1490 1378 1517 ο

53 1534 177 1592 delicte.
221 1534 281 1593 Per
294 1535 466 1594 Dominum.

123 1615 308 1675 Communio.
352 1617 470 1677 Fidelis.

122 1697 367 1758 postcommunio.

121 1778 213 1851 Deus,
228 1779 281 1856 qui
294 1780 415 1837 beatum
440 1779 615 1857 Gregorium
633 1781 802 1858 pontificem
816 1787 985 1840 sanctorum
1006 1788 1126 1841 tuorum
1149 1784 1265 1842 meritis

52 1861 227 1936 coaequasti,
250 1861 376 1919 concede
397 1862 553 1938 propitius,
567 1867 603 1919 ut
618 1862 670 1939 qui
687 1861 974 1921 commemorationis
987 1864 1051 1940 ejus
1069 1864 1144 1923 fests
1157 1865 1265 1941 percol-

54 1940 146 2013 imus,
160 1942 231 1998 ritae
245 1962 364 2019 quoque
378 1942 531 2000 imitemur
544 1942 687 2020 exempla.
730 1943 789 2001 Per
803 1944 974 2002 Dominum.

264 2098 376 2157 Sason
397 2099 585 2171 Onrnssnrr,
606 2115 750 2157 nrncom.
794 2099 870 2176 (xiii.
887 2099 956 2158 Kal.
972 2099 1063 2178 Apr.)

123 2204 266 2280 officiunt.
309 2205 425 2264 Statuit
438 2206 475 2265 ei.

123 2287 233 2345 Oratio.

120 2367 318 2445 Omnipotens
345 2368 523 2445 sempiterne
551 2365 643 2440 Deus,
672 2367 725 2445 qui
758 2368 791 2425 in
825 2367 939 2425 meritis
973 2367 1070 2426 sancti
1103 2367 1264 2428 Guthberti

58 2449 207 2524 pontificis
221 2450 268 2507 tui
281 2468 397 2526 semper
409 2468 440 2507 es
453 2455 485 2508 et
498 2449 609 2527 ubique
622 2448 776 2521 mirabilis,
788 2468 957 2526 quaesumus
970 2448 1158 2507 clementiam
1169 2457 1262 2521 tuam,

61 2535 96 2586 ut
108 2531 185 2588 sieut
206 2529 234 2588 ei
254 2530 433 2588 eminentem
453 2530 579 2607 gloriam
599 2530 762 2603 contulisti,
777 2531 818 2588 sic
838 2531 876 2588 ed
897 2531 1132 2607 consequendam
1153 2533 1265 2592 miseri-

65 2611 188 2669 cordiam
204 2619 288 2668 tuam
302 2612 366 2687 ejus
379 2630 433 2669 nos
447 2611 537 2669 facias
550 2612 685 2688 precibus
698 2611 841 2688 adjuvari
886 2611 951 2669 Per.

121 2692 264 2770 Epistola.
307 2693 382 2751 Eece
395 2692 530 2750 sacerdos
543 2712 675 2769 magnus.

122 2772 258 2832 Groolok.
303 2773 378 2831 Ecce
392 2773 526 2832 sacerdos
539 2793 672 2850 magnus.

77 2848 103 2909 V.
124 2853 194 2912 Non
210 2861 262 2913 est

122 2936 255 2994 Tractare.
297 2935 584 3012 Eccevirprudens

120 3015 160 3075 ln
173 3026 298 3093 tempore
311 3016 459 3086 Poselolr,
474 3016 623 3093 Alleluya.
652 3016 681 3075 V.
704 3016 726 3075 J
728 3024 812 3075 ustus
825 3015 1011 3092 germinabit.

119 3097 286 3156 ›lmndnm
300 3097 442 3173 Alleluyn
455 3097 510 3156 crit
524 3098 559 3156 de
572 3097 695 3156 Paeon.

121 3178 287 3255 ›S'cqucms’n
303 3180 337 3237 de
352 3178 517 3238 Communi.

121 3260 321 3336 Bronpelinm.
364 3259 465 3319 Homo
478 3259 600 3337 quidem
613 3279 741 3338 peregre.
770 3293 772 3295 >

122 3340 317 3416 Offertorium.
361 3340 471 3399 Inveni
484 3341 592 3399 David.

117 3420 238 3483 Secreto.
282 3422 358 3480 Haec
381 3422 447 3494 tibi,
469 3422 607 3495 Domine,
629 3442 806 3499 quesumus,
832 3421 913 3479 beati
934 3419 1093 3479 cuthberti
1112 3421 1262 3499 pontificis

53 3491 104 3554 lui
115 3503 327 3562 intercessione
340 3522 420 3561 nunc
433 3510 519 3580 grets
528 3503 672 3561 reddatur
681 3503 801 3576 oblatio,
815 3509 845 3562 et
855 3521 982 3580 peream
991 3502 1117 3580 gloriam
1125 3509 1261 3562 nostrum

48 3565 235 3643 samonum
249 3584 379 3662 purifica.
422 3584 488 3644 Per.

120 3665 302 3725 Coruncanio.
346 3664 485 3737 Domine,
500 3666 632 3743 quinque
645 3666 767 3725 talenta.

120 3746 363 3806 Postoommum'o.

118 3827 208 3901 Deus,
226 3829 278 3905 qni
292 3848 347 3887 nos
368 3835 540 3886 sanctorum
553 3835 673 3886 tuorum
687 3828 844 3905 temporali
858 3827 967 3885 tribuis
980 3826 1259 3885 commemoratione

38 3904 190 3982 tendere,
219 3917 335 3987 precata,
364 3929 541 3987 quaesumus,
566 3916 602 3967 ut
635 3911 722 3967 beato
749 3909 915 3968 cuthberto
942 3908 1152 3979 intercedente,
1173 3909 1205 3964 in
1226 3926 1261 3964 ea

40 3982 247 4106 &meremur
272 3997 353 4051 sorte
380 3991 486 4050 salutis
513 3991 545 4048 in
572 4010 632 4068 qua
658 3998 729 4049 sunt
757 3990 803 4048 illi
829 3991 926 4068 gretie
952 3996 1006 4048 tua
1030 3989 1158 4066 gloriosi.
1201 3988 1260 4045 Per

76 4072 229 4134 ominum.

272 4189 386 4248 Ssscrr
407 4188 589 4260 annmcn,
611 4205 744 4246 sensns.
789 4186 853 4264 (xii.
871 4186 941 4245 Kal.
958 4186 1045 4263 Apr.)
