2806 4920
438 279 579 346 dabbato
597 287 672 366 post
693 280 911 347 Pentecosten.
1210 288 1272 354 173

73 448 173 507 tabilis
182 448 223 507 sit
232 448 385 526 procebis,
394 448 488 506 altero
498 447 546 505 die
556 447 686 519 Sabbati,
697 454 727 505 et
736 446 932 505 martificabit
941 447 1034 508 illum.
1067 449 1271 511 Numerabitis

70 549 143 606 ergo
162 531 200 587 ab
216 531 281 606 ipso
298 530 346 588 die
363 531 395 587 in
413 548 472 606 quo
490 528 640 586 obtulistis
657 527 823 605 manipulos
843 528 1051 605 primitiarum,
1070 536 1181 608 septem
1204 532 1271 591 heb

70 610 211 669 domadas
224 609 332 687 plenas,
347 609 490 687 usquead
504 609 628 666 alteram
640 609 718 666 diem
733 607 910 686 expletionis
923 609 1112 669 hebdomadae
1125 613 1270 690 septimae:

70 697 104 749 et
113 692 156 749 sic
169 691 296 749 offeretis
308 691 483 749 sacrificium
497 709 608 748 novum
619 689 758 761 Domino,
770 709 808 748 ex
822 690 958 748 omnibus
970 690 1145 751 habitaculis
1155 695 1268 754 vestris

72 771 168 830 Panes
183 773 380 847 primitiarum
394 771 467 829 duos
481 769 518 829 de
530 770 644 828 duabus
657 769 777 828 decimis
791 770 902 843 similae,
912 791 985 847 quos
999 772 1127 831 elevabit
1140 776 1272 834 sacerdos

70 872 171 910 corum
187 853 323 913 Domino.
367 852 408 909 Et
421 851 564 909 vocabitis
584 852 661 908 hune
679 852 757 909 diem
778 851 999 910 celeberrimum
1018 860 1108 930 atque
1128 856 1273 914 sanctissi-

71 953 172 991 mum:
193 953 279 991 omue
299 953 372 1011 opus
391 933 497 990 servile
517 951 578 989 nou
597 932 710 990 facietis
726 932 758 989 in
772 952 814 990 eo.
858 931 1039 1010 Legitimum
1060 937 1272 1012 sempiternum

70 1014 131 1071 erit
157 1014 188 1071 in
216 1016 329 1073 cunctis
355 1013 532 1072 habitaculis
559 1019 590 1071 et
616 1013 855 1090 generationibus
881 1014 995 1087 vestris,
1024 1015 1096 1073 dicit
1125 1016 1272 1076 Dominus

71 1095 265 1171 omnipotens.

132 1176 280 1251 Alleluya
328 1175 357 1233 V.
380 1174 469 1247 Veni,
486 1174 592 1232 Sancte
607 1173 742 1251 Spiritus,
756 1173 836 1251 reple
849 1180 969 1232 tuorum
983 1175 1071 1234 corda
1083 1176 1225 1254 fidelium,
1239 1186 1271 1240 et

12 1316 17 1323 ,
71 1256 119 1314 tui
132 1257 241 1314 amoris
253 1257 286 1313 in
299 1257 342 1314 eis
354 1257 452 1332 iguem
466 1255 598 1314 accende.
1165 1255 1169 1265 '

133 1338 265 1396 Oremua
308 1336 417 1396 Oratio.

132 1417 222 1492 Deus,
242 1418 295 1496 qui
313 1418 352 1476 ob
368 1419 535 1476 animarum
553 1415 695 1475 medelam
706 1416 816 1493 jejunii
829 1416 986 1475 devotione
999 1419 1136 1498 castigari
1150 1440 1272 1499 corpora

69 1500 255 1576 precepisti;
274 1499 400 1557 concede
413 1499 498 1557 nobis
513 1497 658 1576 propitius
671 1503 700 1556 ct
715 1504 814 1555 mente
828 1503 859 1556 et
876 1517 996 1575 corpore
1016 1519 1129 1578 semper
1142 1502 1199 1560 tibi
1211 1522 1273 1562 esse

70 1579 201 1637 devotos.
244 1580 309 1638 Per.

131 1659 350 1738 Deuteronomie'
363 1659 455 1738 (scot
475 1661 531 1732 1-3,
549 1659 649 1735 7-11).

132 1741 172 1798 In
194 1741 297 1800 diebus
319 1741 389 1814 illis,
416 1740 504 1798 Dixit
528 1740 647 1817 Moyses
670 1739 739 1798 filiis
764 1739 879 1798 Israel:
906 1740 1000 1811 Audi,
1017 1741 1200 1822 Israel,un
1219 1764 1273 1823 ego

69 1821 210 1899 praecipio
223 1823 280 1881 tibi
293 1821 387 1880 bodie.
431 1821 507 1879 Cum
520 1820 678 1878 intraveris
690 1841 781 1896 resque
795 1819 836 1879 cd
854 1839 952 1879 coram
973 1821 1104 1882 Domino
1124 1825 1190 1884 Deo
1209 1831 1270 1884 tuo.

69 1902 133 1973 Qui
146 1922 201 1960 nos
214 1903 369 1961 exaudivit
382 1923 472 1978 resque
486 1902 527 1968 cd
540 1902 655 1959 dederit
665 1902 728 1959 tibi

132 1983 281 2060 Allelnya
330 1983 358 2044 V.
381 1982 490 2041 Faetus
511 1988 555 2041 est
576 1988 696 2059 repente
709 1982 745 2041 de
765 1982 836 2041 orelo
855 2002 944 2042 sonus
956 1983 1141 2044 advenientis
1153 1986 1275 2064 spiritus

68 2064 262 2123 vehementis.

133 2146 267 2204 Oremus.
311 2146 419 2205 Oratio.

131 2227 254 2294 Prsesta,
267 2245 443 2304 quaesumus,
459 2225 645 2302 omnipotens
659 2224 750 2297 Deus,
765 2231 801 2281 ut
820 2224 1000 2284 salutaribus
1015 2228 1139 2304 jejuniis
1152 2229 1272 2302 eruditi,

66 2308 109 2365 ab
142 2308 279 2366 omnibus
313 2308 403 2365 etiam
436 2305 519 2364 vitiis
551 2305 733 2364 abstinentes
767 2307 1008 2384 propitiationem
1042 2316 1125 2367 tuam
1159 2310 1273 2370 facilius

68 2390 271 2465 impetremus
315 2389 375 2446 Per
389 2387 560 2445 Dominum.

133 2468 256 2527 levitici
268 2470 361 2545 (wiri.
379 2468 474 2543 3-12).

131 2549 171 2607 In
192 2550 294 2609 diebus
315 2550 383 2621 illis,
400 2549 486 2606 Dixit
501 2547 648 2605 Dominus
668 2548 705 2605 ad
726 2547 860 2623 Moysen.
904 2549 1038 2626 Loquere
1051 2551 1120 2609 filiis
1134 2553 1227 2610 Israel
1241 2561 1271 2611 et

67 2632 150 2689 dices
163 2630 201 2689 ad
214 2650 263 2689 eos
273 2652 282 2704 ;
304 2631 338 2688 Si
351 2632 383 2688 in
397 2628 550 2706 praeceptis
564 2629 637 2686 meis
649 2649 740 2704 respue
757 2630 798 2687 ad
811 2649 920 2706 vosque
934 2631 1017 2688 eritis
1033 2632 1159 2709 populus
1180 2653 1270 2706 meus,

67 2711 145 2770 dicit
159 2711 306 2770 Dominus
319 2711 512 2787 omnipotens.

133 2792 281 2868 Alleluya
331 2793 360 2850 V.
404 2791 569 2849 Paraclitus
593 2790 721 2866 Spiritus
742 2789 868 2848 Sanctus
892 2809 979 2868 quem
1002 2791 1103 2849 mittet
1125 2794 1216 2852 Pater
1239 2796 1270 2853 in

67 2875 191 2932 nomine
206 2893 279 2948 meo,
294 2873 345 2932 ille
359 2892 411 2930 vos
425 2871 541 2930 docebit
556 2890 671 2929 omnem
683 2871 847 2929 veritatem.

132 2954 266 3013 Oramus.
309 2954 418 3013 Oratio.

132 3035 254 3108 Praesta,
269 3054 443 3113 quesumus,
465 3033 651 3109 omnipotens
675 3032 765 3103 Deus,
787 3032 828 3090 sic
852 3052 905 3089 nos
928 3034 966 3091 ab
989 3033 1083 3110 epulis
1105 3036 1271 3095 carnalibus

67 3117 228 3189 abstinere,
243 3123 278 3175 ut
291 3117 404 3175 avitiis
418 3115 615 3172 itrurentibus
627 3115 739 3190 pariter
747 3114 923 3190 jejunemus
967 3113 1032 3175 Per.

131 3197 269 3256 Danielis
281 3198 344 3273 (tit.
362 3196 409 3267 49,
425 3197 474 3267 50,
490 3193 537 3266 47,
553 3194 601 3264 48,
616 3196 664 3268 50,
680 3195 715 3252 51
720 3195 744 3271 )
787 3194 805 3272 (
807 3192 962 3254 Canticum
977 3195 1069 3254 tricem
1081 3200 1270 3277 puerorum.)

131 3278 268 3357 Angelus
285 3278 409 3336 Domini
422 3275 572 3334 descendit
584 3295 651 3333 oum
672 3275 781 3332 Araris
794 3281 825 3333 et
838 3276 923 3333 sociis
936 3277 999 3352 ejus
1019 3277 1051 3333 in
1071 3277 1227 3354 fornacem,
1241 3287 1272 3338 et

68 3361 200 3420 excussit
212 3360 361 3418 flammam
375 3358 451 3435 ignis
462 3357 497 3415 de
510 3358 636 3428 fornace,
647 3363 678 3414 et
691 3356 763 3413 fecit
775 3356 903 3414 medium
915 3357 1040 3416 fornacis
1049 3360 1134 3435 quasi
1148 3370 1272 3420 ventum

68 3443 147 3500 roris
172 3441 301 3500 flantem.
357 3439 493 3497 Flamma
525 3443 625 3494 autem
659 3437 766 3494 diffusa
793 3443 838 3494 eet
862 3457 950 3514 super
983 3437 1129 3498 fornacem
1163 3442 1272 3500 cubitis

68 3523 269 3601 quadraginta
281 3540 396 3590 novem,
411 3526 443 3577 et
455 3517 587 3575 incendit
600 3537 674 3593 quos
687 3517 797 3595 reperit
805 3519 897 3595 juxta
909 3519 1055 3578 fornacem
1069 3520 1106 3580 de
1127 3520 1272 3580 Chaldaeis

67 3603 222 3662 ministros
235 3603 320 3680 regis,
334 3601 388 3678 qui
401 3619 466 3658 eam
483 3598 685 3656 incendebant
729 3598 803 3656 Illos
825 3607 926 3657 autem
949 3601 1070 3658 omnino
1091 3621 1151 3659 non
1171 3604 1271 3680 tetigit

67 3685 157 3763 ignis,
176 3702 271 3761 neque
290 3679 486 3751 contristavit,
503 3698 555 3737 uec
573 3680 729 3755 quisquam
748 3680 888 3738 molestire
909 3681 1020 3739 intulit.
1063 3682 1146 3741 Tunc
1166 3683 1198 3741 hi
1212 3691 1272 3742 tres

67 3767 155 3843 quasi
178 3785 216 3823 ex
237 3782 296 3822 uuo
319 3781 370 3820 ore
393 3760 555 3819 laudabant
576 3766 607 3817 et
626 3760 830 3838 glorificabant
850 3768 881 3819 et
901 3762 1113 3821 benedicebant
1127 3763 1224 3823 Deum
1239 3766 1270 3823 in

66 3847 189 3905 fornace
201 3845 338 3903 dicentes.

130 3925 279 4003 Alleloya.
327 3925 356 3983 V.
387 3922 565 3981 Benedictus
585 3941 623 3993 es,
642 3921 779 3994 Domine,
802 3922 883 3980 Deus
904 3928 1022 4000 patrum
1042 3931 1218 3997 nostrorum,
1240 3934 1270 3983 et

65 4007 235 4080 laudabilis,
249 4014 281 4066 et
292 4005 445 4084 gloriosis,
461 4010 491 4062 et
504 4022 592 4080 super
605 4002 755 4061 exaltatus
768 4003 800 4060 in
814 4004 926 4062 saecula

128 4087 285 4165 Sequetur.
327 4085 475 4145 Dominus
489 4084 648 4143 vobiscum.
692 4083 825 4143 Oremus.

131 4169 241 4232 Oratio.

129 4251 221 4324 Deus,
236 4250 289 4328 qui
302 4249 399 4308 tribus
410 4247 510 4325 pueris
523 4246 667 4324 mitigasti
681 4245 813 4304 flammas
827 4247 941 4323 ignium
947 4267 957 4320 ;
976 4248 1101 4306 concede
1113 4249 1267 4326 propitius,

65 4341 103 4397 ut
115 4333 294 4393 adveniente
314 4330 428 4409 Spiritu
447 4329 565 4403 Sancto,
579 4347 633 4388 nos
647 4327 772 4387 umulos
791 4335 858 4386 tuos
874 4347 934 4386 non
950 4335 1057 4388 exurat
1071 4330 1189 4388 flamma
1203 4331 1269 4389 riti-

65 4435 161 4476 orum
205 4413 267 4474 Per
279 4410 452 4472 Dominum
