<?xml version="1.0" encoding="UTF-8"?>
<!DOCTYPE html PUBLIC "-//W3C//DTD XHTML 1.0 Transitional//EN"
    "http://www.w3.org/TR/xhtml1/DTD/xhtml1-transitional.dtd">
<html xmlns="http://www.w3.org/1999/xhtml" xml:lang="en" lang="en">
 <head>
  <title>
</title>
<meta http-equiv="Content-Type" content="text/html;charset=utf-8" />
  <meta name='ocr-system' content='tesseract 3.04.00' />
  <meta name='ocr-capabilities' content='ocr_page ocr_carea ocr_par ocr_line ocrx_word'/>
</head>
<body>
  <div class='ocr_page' id='page_1' title='image "./missaleadusumpe00churgoog_0129.png"; bbox 0 0 2804 4920; ppageno 0'>
   <div class='ocr_carea' id='block_1_1' title="bbox 126 334 956 423">
    <p class='ocr_par' dir='ltr' id='par_1_1' title="bbox 126 334 956 423">
     <span class='ocr_line' id='line_1_1' title="bbox 126 334 956 423; baseline -0.006 -16"><span class='ocrx_word' id='word_1_1' title='bbox 126 338 170 407; x_wconf 71' lang='lat'>74</span> <span class='ocrx_word' id='word_1_2' title='bbox 509 334 613 403; x_wconf 62' lang='lat' dir='ltr'>Hebri.</span> <span class='ocrx_word' id='word_1_3' title='bbox 630 358 655 402; x_wconf 81' lang='lat' dir='ltr'>r.</span> <span class='ocrx_word' id='word_1_4' title='bbox 674 336 956 423; x_wconf 70' lang='lat' dir='ltr'>Qundreqeeimoe.</span> 
     </span>
    </p>
   </div>
   <div class='ocr_carea' id='block_1_2' title="bbox 127 500 1342 644">
    <p class='ocr_par' dir='ltr' id='par_1_2' title="bbox 127 500 1342 644">
     <span class='ocr_line' id='line_1_2' title="bbox 187 500 1342 577; baseline 0 -16"><span class='ocrx_word' id='word_1_5' title='bbox 187 504 229 561; x_wconf 83' lang='lat' dir='ltr'>Et</span> <span class='ocrx_word' id='word_1_6' title='bbox 250 511 382 562; x_wconf 78' lang='lat' dir='ltr'>cantetur</span> <span class='ocrx_word' id='word_1_7' title='bbox 403 523 425 561; x_wconf 84' lang='lat' dir='ltr'>o</span> <span class='ocrx_word' id='word_1_8' title='bbox 450 502 604 563; x_wconf 81' lang='lat' dir='ltr'>Sacerdote</span> <span class='ocrx_word' id='word_1_9' title='bbox 630 504 756 563; x_wconf 62' lang='lat' dir='ltr'>Moeram</span> <span class='ocrx_word' id='word_1_10' title='bbox 783 504 945 577; x_wconf 71' lang='lat' dir='ltr'>celebrante,</span> <span class='ocrx_word' id='word_1_11' title='bbox 975 504 1079 564; x_wconf 76' lang='lat' dir='ltr'>deindo</span> <span class='ocrx_word' id='word_1_12' title='bbox 1103 521 1125 562; x_wconf 79' lang='lat' dir='ltr'>n</span> <span class='ocrx_word' id='word_1_13' title='bbox 1148 500 1246 562; x_wconf 69' lang='lat' dir='ltr'>Chore</span> <span class='ocrx_word' id='word_1_14' title='bbox 1273 507 1342 561; x_wconf 74' lang='lat' dir='ltr'>mite</span> 
     </span>
     <span class='ocr_line' id='line_1_3' title="bbox 127 582 378 644; baseline -0.004 0"><span class='ocrx_word' id='word_1_15' title='bbox 127 582 378 644; x_wconf 79' lang='lat' dir='ltr'>Communionem.</span> 
     </span>
    </p>
   </div>
   <div class='ocr_carea' id='block_1_3' title="bbox 121 682 1340 1005">
    <p class='ocr_par' dir='ltr' id='par_1_3' title="bbox 121 682 1340 1005">
     <span class='ocr_line' id='line_1_4' title="bbox 187 682 1339 759; baseline -0.002 -16"><span class='ocrx_word' id='word_1_16' title='bbox 187 686 256 743; x_wconf 84' lang='lat' dir='ltr'>IIoo</span> <span class='ocrx_word' id='word_1_17' title='bbox 278 686 326 743; x_wconf 77' lang='lat' dir='ltr'>die</span> <span class='ocrx_word' id='word_1_18' title='bbox 348 684 487 744; x_wconf 81' lang='lat' dir='ltr'>Saeerdoe</span> <span class='ocrx_word' id='word_1_19' title='bbox 507 686 648 745; x_wconf 74' lang='lat' dir='ltr'>octobrem</span> <span class='ocrx_word' id='word_1_20' title='bbox 667 686 788 744; x_wconf 65' lang='lat' dir='ltr'>Ferrum</span> <span class='ocrx_word' id='word_1_21' title='bbox 803 694 903 743; x_wconf 70' lang='lat' dir='ltr'>secrete</span> <span class='ocrx_word' id='word_1_22' title='bbox 915 682 961 742; x_wconf 80' lang='lat' dir='ltr'>vel</span> <span class='ocrx_word' id='word_1_23' title='bbox 980 682 1163 755; x_wconf 76' lang='lat' dir='ltr'>eollemniter,</span> <span class='ocrx_word' id='word_1_24' title='bbox 1180 688 1339 759; x_wconf 66' lang='lat' dir='ltr'>portem</span> 
     </span>
     <span class='ocr_line' id='line_1_5' title="bbox 126 761 1339 842; baseline -0.003 -19"><span class='ocrx_word' id='word_1_25' title='bbox 126 766 234 825; x_wconf 75' lang='lat' dir='ltr'>dixerit</span> <span class='ocrx_word' id='word_1_26' title='bbox 254 765 406 825; x_wconf 74' lang='lat' dir='ltr'><strong><em>Orationes</em></strong></span> <span class='ocrx_word' id='word_1_27' title='bbox 427 786 517 842; x_wconf 71' lang='lat' dir='ltr'>mque</span> <span class='ocrx_word' id='word_1_28' title='bbox 530 769 571 825; x_wconf 82' lang='lat' dir='ltr'>ad</span> <span class='ocrx_word' id='word_1_29' title='bbox 590 787 686 839; x_wconf 76' lang='lat' dir='ltr'>untm,</span> <span class='ocrx_word' id='word_1_30' title='bbox 709 776 865 841; x_wconf 67' lang='lat' dir='ltr'>annornm</span> <span class='ocrx_word' id='word_1_31' title='bbox 884 775 996 837; x_wconf 79' lang='lat' dir='ltr'>utatur,</span> <span class='ocrx_word' id='word_1_32' title='bbox 1023 772 1117 823; x_wconf 79' lang='lat' dir='ltr'>cantet</span> <span class='ocrx_word' id='word_1_33' title='bbox 1137 762 1184 821; x_wconf 80' lang='lat' dir='ltr'>vel</span> <span class='ocrx_word' id='word_1_34' title='bbox 1203 761 1286 821; x_wconf 78' lang='lat' dir='ltr'>dieat</span> <span class='ocrx_word' id='word_1_35' title='bbox 1305 762 1339 819; x_wconf 86' lang='lat' dir='ltr'>in</span> 
     </span>
     <span class='ocr_line' id='line_1_6' title="bbox 121 842 1340 1005; baseline 0 -101"><span class='ocrx_word' id='word_1_36' title='bbox 121 847 397 1005; x_wconf 38' lang='lat' dir='ltr'>333&amp;sser</span> <span class='ocrx_word' id='word_1_37' title='bbox 438 847 613 909; x_wconf 83' lang='lat' dir='ltr'>Orationem.</span> <span class='ocrx_word' id='word_1_38' title='bbox 690 846 802 908; x_wconf 80' lang='lat' dir='ltr'>Oleorne</span> <span class='ocrx_word' id='word_1_39' title='bbox 834 847 912 905; x_wconf 78' lang='lat' dir='ltr'>idem</span> <span class='ocrx_word' id='word_1_40' title='bbox 944 854 1064 923; x_wconf 77' lang='lat' dir='ltr'>repetat,</span> <span class='ocrx_word' id='word_1_41' title='bbox 1098 845 1126 904; x_wconf 82' lang='lat' dir='ltr'>ei</span> <span class='ocrx_word' id='word_1_42' title='bbox 1162 842 1340 903; x_wconf 52' lang='lat' dir='ltr'>marmure</span> 
     </span>
    </p>
   </div>
   <div class='ocr_carea' id='block_1_4' title="bbox 127 1024 1341 1266">
    <p class='ocr_par' dir='ltr' id='par_1_4' title="bbox 127 1024 1341 1266">
     <span class='ocr_line' id='line_1_7' title="bbox 188 1024 432 1085; baseline 0.012 -3"><span class='ocrx_word' id='word_1_43' title='bbox 188 1024 432 1085; x_wconf 79' lang='lat' dir='ltr'>Poeicmnmunio.</span> 
     </span>
     <span class='ocr_line' id='line_1_8' title="bbox 187 1099 1341 1185; baseline -0.004 -21"><span class='ocrx_word' id='word_1_44' title='bbox 187 1105 303 1165; x_wconf 69' lang='lat' dir='ltr'>Adesto</span> <span class='ocrx_word' id='word_1_45' title='bbox 328 1107 422 1180; x_wconf 80' lang='lat' dir='ltr'>nobie,</span> <span class='ocrx_word' id='word_1_46' title='bbox 450 1126 626 1185; x_wconf 76' lang='lat' dir='ltr'>quoesnmne,</span> <span class='ocrx_word' id='word_1_47' title='bbox 657 1106 786 1164; x_wconf 89' lang='lat' dir='ltr'>Domine</span> <span class='ocrx_word' id='word_1_48' title='bbox 820 1105 902 1164; x_wconf 79' lang='lat' dir='ltr'>Dens</span> <span class='ocrx_word' id='word_1_49' title='bbox 934 1109 1067 1163; x_wconf 81' lang='lat' dir='ltr'>noster:</span> <span class='ocrx_word' id='word_1_50' title='bbox 1104 1108 1136 1162; x_wconf 87' lang='lat' dir='ltr'>et</span> <span class='ocrx_word' id='word_1_51' title='bbox 1169 1120 1246 1180; x_wconf 76' lang='lat' dir='ltr'>quos</span> <span class='ocrx_word' id='word_1_52' title='bbox 1280 1099 1341 1159; x_wconf 74' lang='lat' dir='ltr'>tuin</span> 
     </span>
     <span class='ocr_line' id='line_1_9' title="bbox 127 1183 1189 1266; baseline -0.001 -23"><span class='ocrx_word' id='word_1_53' title='bbox 127 1188 276 1264; x_wconf 78' lang='lat' dir='ltr'><strong>mysteriis</strong></span> <span class='ocrx_word' id='word_1_54' title='bbox 289 1189 437 1261; x_wconf 71' lang='lat' dir='ltr'>recreasti,</span> <span class='ocrx_word' id='word_1_55' title='bbox 450 1189 602 1266; x_wconf 78' lang='lat' dir='ltr'>perpetuis</span> <span class='ocrx_word' id='word_1_56' title='bbox 615 1187 738 1246; x_wconf 85' lang='lat' dir='ltr'>defende</span> <span class='ocrx_word' id='word_1_57' title='bbox 751 1187 897 1245; x_wconf 80' lang='lat' dir='ltr'>subsidiis.</span> <span class='ocrx_word' id='word_1_58' title='bbox 940 1185 1004 1244; x_wconf 89' lang='lat' dir='ltr'>Per</span> <span class='ocrx_word' id='word_1_59' title='bbox 1018 1183 1189 1243; x_wconf 86' lang='lat' dir='ltr'>Dominum.</span> 
     </span>
    </p>
   </div>
   <div class='ocr_carea' id='block_1_5' title="bbox 593 1406 867 1467">
    <p class='ocr_par' dir='ltr' id='par_1_5' title="bbox 593 1406 867 1467">
     <span class='ocr_line' id='line_1_10' title="bbox 593 1406 867 1467; baseline 0 -2"><span class='ocrx_word' id='word_1_60' title='bbox 593 1406 693 1466; x_wconf 75' lang='lat' dir='ltr'>Furii</span> <span class='ocrx_word' id='word_1_61' title='bbox 714 1408 867 1467; x_wconf 69' lang='lat' dir='ltr'>Serimon</span> 
     </span>
    </p>
   </div>
   <div class='ocr_carea' id='block_1_6' title="bbox 126 1504 1345 2389">
    <p class='ocr_par' dir='ltr' id='par_1_6' title="bbox 190 1504 332 1562">
     <span class='ocr_line' id='line_1_11' title="bbox 190 1504 332 1562; baseline 0 0"><span class='ocrx_word' id='word_1_62' title='bbox 190 1504 332 1562; x_wconf 78' lang='lat' dir='ltr'>Oioineu.</span> 
     </span>
    </p>

    <p class='ocr_par' dir='ltr' id='par_1_7' title="bbox 126 1506 1343 1724">
     <span class='ocr_line' id='line_1_12' title="bbox 188 1506 1343 1664; baseline 0 -22"><span class='ocrx_word' id='word_1_63' title='bbox 188 1506 331 1643; x_wconf 61' lang='lat' dir='ltr'>Miserere</span> <span class='ocrx_word' id='word_1_64' title='bbox 352 1584 434 1657; x_wconf 91' lang='lat' dir='ltr'>mihi,</span> <span class='ocrx_word' id='word_1_65' title='bbox 459 1585 596 1659; x_wconf 87' lang='lat' dir='ltr'>Domine,</span> <span class='ocrx_word' id='word_1_66' title='bbox 619 1586 760 1664; x_wconf 83' lang='lat' dir='ltr'>quonium</span> <span class='ocrx_word' id='word_1_67' title='bbox 781 1585 966 1644; x_wconf 80' lang='lat' dir='ltr'><strong>conculcavit</strong></span> <span class='ocrx_word' id='word_1_68' title='bbox 992 1603 1039 1642; x_wconf 93' lang='lat' dir='ltr'>me</span> <span class='ocrx_word' id='word_1_69' title='bbox 1060 1583 1168 1642; x_wconf 86' lang='lat' dir='ltr'>homo:</span> <span class='ocrx_word' id='word_1_70' title='bbox 1202 1587 1273 1642; x_wconf 72' lang='lat' dir='ltr'>eon</span> <span class='ocrx_word' id='word_1_71' title='bbox 1293 1582 1343 1642; x_wconf 80' lang='lat' dir='ltr'>die</span> 
     </span>
     <span class='ocr_line' id='line_1_13' title="bbox 126 1665 480 1724; baseline 0 0"><span class='ocrx_word' id='word_1_72' title='bbox 126 1665 240 1724; x_wconf 77' lang='lat' dir='ltr'>bellans</span> <span class='ocrx_word' id='word_1_73' title='bbox 254 1665 411 1723; x_wconf 81' lang='lat' dir='ltr'>tribulavit</span> <span class='ocrx_word' id='word_1_74' title='bbox 425 1686 480 1724; x_wconf 90' lang='lat' dir='ltr'>me.</span> 
     </span>
    </p>

    <p class='ocr_par' dir='ltr' id='par_1_8' title="bbox 189 1747 334 1804">
     <span class='ocr_line' id='line_1_14' title="bbox 189 1747 334 1804; baseline 0.007 -1"><span class='ocrx_word' id='word_1_75' title='bbox 189 1747 334 1804; x_wconf 79' lang='lat' dir='ltr'>l&#39;uulmue.</span> 
     </span>
    </p>

    <p class='ocr_par' dir='ltr' id='par_1_9' title="bbox 127 1825 1345 1966">
     <span class='ocr_line' id='line_1_15' title="bbox 189 1825 1345 1905; baseline 0 -20"><span class='ocrx_word' id='word_1_76' title='bbox 189 1826 445 1885; x_wconf 83' lang='lat' dir='ltr'>Oouonlouverunt</span> <span class='ocrx_word' id='word_1_77' title='bbox 458 1846 504 1886; x_wconf 89' lang='lat' dir='ltr'>me</span> <span class='ocrx_word' id='word_1_78' title='bbox 518 1827 632 1886; x_wconf 84' lang='lat' dir='ltr'>inimici</span> <span class='ocrx_word' id='word_1_79' title='bbox 652 1828 710 1886; x_wconf 91' lang='lat' dir='ltr'>mei</span> <span class='ocrx_word' id='word_1_80' title='bbox 732 1833 797 1887; x_wconf 77' lang='lat' dir='ltr'>tote</span> <span class='ocrx_word' id='word_1_81' title='bbox 818 1828 887 1887; x_wconf 75' lang='lat' dir='ltr'>diez</span> <span class='ocrx_word' id='word_1_82' title='bbox 920 1828 1061 1905; x_wconf 80' lang='lat' dir='ltr'>quonium</span> <span class='ocrx_word' id='word_1_83' title='bbox 1082 1826 1173 1887; x_wconf 88' lang='lat' dir='ltr'>multi</span> <span class='ocrx_word' id='word_1_84' title='bbox 1193 1825 1345 1885; x_wconf 69' lang='lat' dir='ltr'>bellantes</span> 
     </span>
     <span class='ocr_line' id='line_1_16' title="bbox 127 1908 361 1966; baseline 0.004 -1"><span class='ocrx_word' id='word_1_85' title='bbox 127 1908 284 1966; x_wconf 78' lang='lat' dir='ltr'>adversum</span> <span class='ocrx_word' id='word_1_86' title='bbox 307 1928 361 1966; x_wconf 90' lang='lat' dir='ltr'>me.</span> 
     </span>
    </p>

    <p class='ocr_par' dir='ltr' id='par_1_10' title="bbox 190 1989 301 2048">
     <span class='ocr_line' id='line_1_17' title="bbox 190 1989 301 2048; baseline -0.009 0"><span class='ocrx_word' id='word_1_87' title='bbox 190 1989 301 2048; x_wconf 79' lang='lat' dir='ltr'><strong><em>Oratio.</em></strong></span> 
     </span>
    </p>

    <p class='ocr_par' dir='ltr' id='par_1_11' title="bbox 126 2068 1345 2228">
     <span class='ocr_line' id='line_1_18' title="bbox 187 2068 1345 2147; baseline -0.001 -19"><span class='ocrx_word' id='word_1_88' title='bbox 187 2070 352 2141; x_wconf 83' lang='lat' dir='ltr'>Senetifioe,</span> <span class='ocrx_word' id='word_1_89' title='bbox 367 2089 543 2146; x_wconf 72' lang='lat' dir='ltr'>quesumus,</span> <span class='ocrx_word' id='word_1_90' title='bbox 559 2069 697 2142; x_wconf 87' lang='lat' dir='ltr'>Domine,</span> <span class='ocrx_word' id='word_1_91' title='bbox 718 2077 816 2129; x_wconf 81' lang='lat' dir='ltr'>nostre</span> <span class='ocrx_word' id='word_1_92' title='bbox 835 2071 972 2147; x_wconf 78' lang='lat' dir='ltr'>jejunia:</span> <span class='ocrx_word' id='word_1_93' title='bbox 1002 2078 1033 2130; x_wconf 87' lang='lat' dir='ltr'>et</span> <span class='ocrx_word' id='word_1_94' title='bbox 1054 2076 1232 2130; x_wconf 65' lang='lat' dir='ltr'>cannarum</span> <span class='ocrx_word' id='word_1_95' title='bbox 1253 2068 1345 2128; x_wconf 77' lang='lat' dir='ltr'>nobie</span> 
     </span>
     <span class='ocr_line' id='line_1_19' title="bbox 126 2150 1091 2228; baseline 0.003 -21"><span class='ocrx_word' id='word_1_96' title='bbox 126 2151 275 2228; x_wconf 83' lang='lat' dir='ltr'>propitius</span> <span class='ocrx_word' id='word_1_97' title='bbox 289 2150 505 2227; x_wconf 84' lang='lat' dir='ltr'>indulgentium</span> <span class='ocrx_word' id='word_1_98' title='bbox 519 2150 627 2227; x_wconf 77' lang='lat' dir='ltr'>largire</span> <span class='ocrx_word' id='word_1_99' title='bbox 641 2151 803 2227; x_wconf 76' lang='lat' dir='ltr'>culparum.</span> <span class='ocrx_word' id='word_1_100' title='bbox 847 2152 905 2210; x_wconf 88' lang='lat' dir='ltr'>Per</span> <span class='ocrx_word' id='word_1_101' title='bbox 920 2153 1091 2210; x_wconf 88' lang='lat' dir='ltr'>Dominum.</span> 
     </span>
    </p>

    <p class='ocr_par' dir='ltr' id='par_1_12' title="bbox 188 2230 681 2306">
     <span class='ocr_line' id='line_1_20' title="bbox 188 2230 681 2306; baseline 0.002 -18"><span class='ocrx_word' id='word_1_102' title='bbox 188 2232 284 2289; x_wconf 76' lang='lat' dir='ltr'>Lectio</span> <span class='ocrx_word' id='word_1_103' title='bbox 304 2230 391 2287; x_wconf 74' lang='lat' dir='ltr'>Jonee</span> <span class='ocrx_word' id='word_1_104' title='bbox 412 2231 561 2306; x_wconf 77' lang='lat' dir='ltr'>I’roplietee</span> <span class='ocrx_word' id='word_1_105' title='bbox 584 2231 681 2306; x_wconf 71' lang='lat' dir='ltr'>(iii).</span> 
     </span>
    </p>

    <p class='ocr_par' dir='ltr' id='par_1_13' title="bbox 189 2311 1345 2389">
     <span class='ocr_line' id='line_1_21' title="bbox 189 2311 1345 2389; baseline 0.002 -20"><span class='ocrx_word' id='word_1_106' title='bbox 189 2312 229 2369; x_wconf 91' lang='lat' dir='ltr'>In</span> <span class='ocrx_word' id='word_1_107' title='bbox 249 2311 352 2368; x_wconf 81' lang='lat' dir='ltr'>(liebus</span> <span class='ocrx_word' id='word_1_108' title='bbox 373 2311 586 2382; x_wconf 75' lang='lat' dir='ltr'>illie,&#39;Fuotnm</span> <span class='ocrx_word' id='word_1_109' title='bbox 607 2321 653 2369; x_wconf 83' lang='lat' dir='ltr'>eet</span> <span class='ocrx_word' id='word_1_110' title='bbox 674 2313 798 2370; x_wconf 84' lang='lat' dir='ltr'>verbum</span> <span class='ocrx_word' id='word_1_111' title='bbox 821 2313 945 2370; x_wconf 85' lang='lat' dir='ltr'>Domini</span> <span class='ocrx_word' id='word_1_112' title='bbox 967 2313 1006 2371; x_wconf 87' lang='lat' dir='ltr'>nd</span> <span class='ocrx_word' id='word_1_113' title='bbox 1028 2313 1050 2372; x_wconf 93' lang='lat' dir='ltr'><strong>J</strong></span> <span class='ocrx_word' id='word_1_114' title='bbox 1051 2332 1139 2371; x_wconf 82' lang='lat' dir='ltr'>onem</span> <span class='ocrx_word' id='word_1_115' title='bbox 1159 2311 1345 2389; x_wconf 72' lang='lat' dir='ltr'>prophetam</span> 
     </span>
    </p>
   </div>
   <div class='ocr_carea' id='block_1_7' title="bbox 127 2391 1347 2549">
    <p class='ocr_par' dir='ltr' id='par_1_14' title="bbox 127 2391 1347 2549">
     <span class='ocr_line' id='line_1_22' title="bbox 127 2391 1347 2469; baseline 0.002 -20"><span class='ocrx_word' id='word_1_116' title='bbox 127 2392 264 2462; x_wconf 78' lang='lat' dir='ltr'>seeundo,</span> <span class='ocrx_word' id='word_1_117' title='bbox 287 2391 406 2449; x_wconf 86' lang='lat' dir='ltr'>dicens:</span> <span class='ocrx_word' id='word_1_118' title='bbox 436 2391 529 2467; x_wconf 82' lang='lat' dir='ltr'>Surge</span> <span class='ocrx_word' id='word_1_119' title='bbox 551 2399 582 2449; x_wconf 89' lang='lat' dir='ltr'>et</span> <span class='ocrx_word' id='word_1_120' title='bbox 605 2392 681 2450; x_wconf 79' lang='lat' dir='ltr'>vnde</span> <span class='ocrx_word' id='word_1_121' title='bbox 701 2394 735 2451; x_wconf 92' lang='lat' dir='ltr'>in</span> <span class='ocrx_word' id='word_1_122' title='bbox 756 2394 890 2451; x_wconf 87' lang='lat' dir='ltr'>Niniven</span> <span class='ocrx_word' id='word_1_123' title='bbox 911 2413 1004 2469; x_wconf 81' lang='lat' dir='ltr'>neque</span> <span class='ocrx_word' id='word_1_124' title='bbox 1022 2395 1063 2452; x_wconf 83' lang='lat' dir='ltr'>acl</span> <span class='ocrx_word' id='word_1_125' title='bbox 1084 2401 1115 2451; x_wconf 91' lang='lat' dir='ltr'>et</span> <span class='ocrx_word' id='word_1_126' title='bbox 1133 2393 1277 2452; x_wconf 74' lang='lat' dir='ltr'>misertus</span> <span class='ocrx_word' id='word_1_127' title='bbox 1297 2398 1347 2451; x_wconf 84' lang='lat' dir='ltr'>eet</span> 
     </span>
     <span class='ocr_line' id='line_1_23' title="bbox 127 2468 684 2549; baseline 0.005 -22"><span class='ocrx_word' id='word_1_128' title='bbox 127 2472 237 2549; x_wconf 86' lang='lat' dir='ltr'>populo</span> <span class='ocrx_word' id='word_1_129' title='bbox 250 2490 303 2528; x_wconf 83' lang='lat' dir='ltr'>eno</span> <span class='ocrx_word' id='word_1_130' title='bbox 318 2468 465 2530; x_wconf 76' lang='lat' dir='ltr'>Dominus</span> <span class='ocrx_word' id='word_1_131' title='bbox 479 2472 562 2529; x_wconf 86' lang='lat' dir='ltr'>Deus</span> <span class='ocrx_word' id='word_1_132' title='bbox 575 2479 684 2531; x_wconf 88' lang='lat' dir='ltr'>noster.</span> 
     </span>
    </p>
   </div>
   <div class='ocr_carea' id='block_1_8' title="bbox 129 2552 1343 3117">
    <p class='ocr_par' dir='ltr' id='par_1_15' title="bbox 129 2552 1343 3117">
     <span class='ocr_line' id='line_1_24' title="bbox 192 2552 326 2609; baseline 0 0"><span class='ocrx_word' id='word_1_133' title='bbox 192 2552 326 2609; x_wconf 64' lang='lat' dir='ltr'>Oreioi.</span> 
     </span>
     <span class='ocr_line' id='line_1_25' title="bbox 189 2633 1245 2712; baseline 0.004 -23"><span class='ocrx_word' id='word_1_134' title='bbox 189 2633 280 2703; x_wconf 84' lang='lat' dir='ltr'>Deus,</span> <span class='ocrx_word' id='word_1_135' title='bbox 295 2633 404 2690; x_wconf 81' lang='lat' dir='ltr'>exaudi</span> <span class='ocrx_word' id='word_1_136' title='bbox 418 2633 582 2691; x_wconf 75' lang='lat' dir='ltr'>orationem</span> <span class='ocrx_word' id='word_1_137' title='bbox 596 2654 710 2693; x_wconf 81' lang='lat' dir='ltr'>meam:</span> <span class='ocrx_word' id='word_1_138' title='bbox 732 2636 853 2692; x_wconf 81' lang='lat' dir='ltr'>nuribus</span> <span class='ocrx_word' id='word_1_139' title='bbox 868 2635 985 2712; x_wconf 85' lang='lat' dir='ltr'>percipe</span> <span class='ocrx_word' id='word_1_140' title='bbox 998 2635 1089 2692; x_wconf 81' lang='lat' dir='ltr'>verbe</span> <span class='ocrx_word' id='word_1_141' title='bbox 1103 2636 1163 2692; x_wconf 85' lang='lat' dir='ltr'>oris</span> <span class='ocrx_word' id='word_1_142' title='bbox 1176 2635 1245 2693; x_wconf 90' lang='lat' dir='ltr'>mei.</span> 
     </span>
     <span class='ocr_line' id='line_1_26' title="bbox 136 2714 1271 2792; baseline 0.002 -19"><span class='ocrx_word' id='word_1_143' title='bbox 136 2714 162 2773; x_wconf 69' lang='grc' dir='ltr'>Γ.</span> <span class='ocrx_word' id='word_1_144' title='bbox 191 2715 272 2772; x_wconf 78' lang='lat' dir='ltr'>Deus</span> <span class='ocrx_word' id='word_1_145' title='bbox 287 2715 318 2771; x_wconf 92' lang='lat' dir='ltr'>in</span> <span class='ocrx_word' id='word_1_146' title='bbox 332 2714 452 2772; x_wconf 87' lang='lat' dir='ltr'>nomine</span> <span class='ocrx_word' id='word_1_147' title='bbox 465 2722 519 2773; x_wconf 91' lang='lat' dir='ltr'>tuo</span> <span class='ocrx_word' id='word_1_148' title='bbox 532 2714 648 2773; x_wconf 82' lang='lat' dir='ltr'>salvum</span> <span class='ocrx_word' id='word_1_149' title='bbox 661 2735 708 2773; x_wconf 89' lang='lat' dir='ltr'>me</span> <span class='ocrx_word' id='word_1_150' title='bbox 721 2715 785 2774; x_wconf 83' lang='lat' dir='ltr'>iac:</span> <span class='ocrx_word' id='word_1_151' title='bbox 807 2723 838 2773; x_wconf 88' lang='lat' dir='ltr'>et</span> <span class='ocrx_word' id='word_1_152' title='bbox 850 2717 883 2772; x_wconf 90' lang='lat' dir='ltr'>in</span> <span class='ocrx_word' id='word_1_153' title='bbox 895 2718 1009 2775; x_wconf 80' lang='lat' dir='ltr'>virtute</span> <span class='ocrx_word' id='word_1_154' title='bbox 1022 2723 1076 2774; x_wconf 85' lang='lat' dir='ltr'>tue</span> <span class='ocrx_word' id='word_1_155' title='bbox 1093 2716 1198 2792; x_wconf 81' lang='lat' dir='ltr'>judice</span> <span class='ocrx_word' id='word_1_156' title='bbox 1210 2734 1271 2775; x_wconf 81' lang='lat' dir='ltr'>me.</span> 
     </span>
     <span class='ocr_line' id='line_1_27' title="bbox 191 2796 659 2871; baseline 0 -18"><span class='ocrx_word' id='word_1_157' title='bbox 191 2796 321 2853; x_wconf 67' lang='lat' dir='ltr'>Tractus.</span> <span class='ocrx_word' id='word_1_158' title='bbox 366 2796 508 2871; x_wconf 77' lang='lat' dir='ltr'>Dignare,</span> <span class='ocrx_word' id='word_1_159' title='bbox 523 2796 659 2853; x_wconf 88' lang='lat' dir='ltr'>Domine.</span> 
     </span>
     <span class='ocr_line' id='line_1_28' title="bbox 188 2876 768 2954; baseline 0 -20"><span class='ocrx_word' id='word_1_160' title='bbox 188 2877 356 2934; x_wconf 78' lang='lat' dir='ltr'>Secinulum</span> <span class='ocrx_word' id='word_1_161' title='bbox 376 2876 542 2934; x_wconf 65' lang='grc' dir='ltr'>ιΙοΙιιιιιιιιῑηι</span> <span class='ocrx_word' id='word_1_162' title='bbox 563 2876 629 2953; x_wconf 70' lang='lat' dir='ltr'>(oti.</span> <span class='ocrx_word' id='word_1_163' title='bbox 654 2878 768 2954; x_wconf 77' lang='lat'><strong><em>32-39).</em></strong></span> 
     </span>
     <span class='ocr_line' id='line_1_29' title="bbox 188 2957 1342 3036; baseline 0.003 -22"><span class='ocrx_word' id='word_1_164' title='bbox 188 2957 227 3014; x_wconf 93' lang='lat' dir='ltr'>In</span> <span class='ocrx_word' id='word_1_165' title='bbox 242 2957 293 3013; x_wconf 87' lang='lat' dir='ltr'>illo</span> <span class='ocrx_word' id='word_1_166' title='bbox 314 2964 454 3033; x_wconf 87' lang='lat' dir='ltr'>temporo,</span> <span class='ocrx_word' id='word_1_167' title='bbox 470 2958 620 3014; x_wconf 78' lang='lat' dir='ltr'>Miserunt</span> <span class='ocrx_word' id='word_1_168' title='bbox 639 2958 787 3033; x_wconf 75' lang='lat' dir='ltr'>principes</span> <span class='ocrx_word' id='word_1_169' title='bbox 801 2966 832 3014; x_wconf 90' lang='lat' dir='ltr'>et</span> <span class='ocrx_word' id='word_1_170' title='bbox 845 2957 988 3015; x_wconf 77' lang='lat' dir='ltr'>Pherisaei</span> <span class='ocrx_word' id='word_1_171' title='bbox 1009 2958 1169 3028; x_wconf 82' lang='lat' dir='ltr'>ministros,</span> <span class='ocrx_word' id='word_1_172' title='bbox 1184 2963 1219 3016; x_wconf 88' lang='lat' dir='ltr'>ut</span> <span class='ocrx_word' id='word_1_173' title='bbox 1234 2978 1342 3036; x_wconf 78' lang='lat' dir='ltr'>appre-</span> 
     </span>
     <span class='ocr_line' id='line_1_30' title="bbox 129 3036 1343 3117; baseline 0.005 -25"><span class='ocrx_word' id='word_1_174' title='bbox 129 3036 293 3093; x_wconf 81' lang='lat' dir='ltr'>henderent</span> <span class='ocrx_word' id='word_1_175' title='bbox 319 3037 431 3095; x_wconf 84' lang='lat' dir='ltr'>Jesum.</span> <span class='ocrx_word' id='word_1_176' title='bbox 486 3038 575 3094; x_wconf 81' lang='lat' dir='ltr'>Dixit</span> <span class='ocrx_word' id='word_1_177' title='bbox 599 3056 669 3113; x_wconf 81' lang='lat' dir='ltr'>ergo</span> <span class='ocrx_word' id='word_1_178' title='bbox 693 3038 735 3095; x_wconf 85' lang='lat' dir='ltr'>eis</span> <span class='ocrx_word' id='word_1_179' title='bbox 758 3038 866 3095; x_wconf 80' lang='lat' dir='ltr'>Jesue:</span> <span class='ocrx_word' id='word_1_180' title='bbox 901 3039 1011 3095; x_wconf 87' lang='lat' dir='ltr'>Adhuc</span> <span class='ocrx_word' id='word_1_181' title='bbox 1038 3039 1189 3096; x_wconf 87' lang='lat' dir='ltr'>modicum</span> <span class='ocrx_word' id='word_1_182' title='bbox 1215 3044 1343 3117; x_wconf 82' lang='lat' dir='ltr'>tempus</span> 
     </span>
    </p>
   </div>
   <div class='ocr_carea' id='block_1_9' title="bbox 128 3117 1344 3349">
    <p class='ocr_par' dir='ltr' id='par_1_16' title="bbox 128 3117 1344 3349">
     <span class='ocr_line' id='line_1_31' title="bbox 128 3117 1344 3198; baseline 0.006 -26"><span class='ocrx_word' id='word_1_183' title='bbox 128 3117 279 3173; x_wconf 81' lang='lat' dir='ltr'>vobiscum</span> <span class='ocrx_word' id='word_1_184' title='bbox 293 3136 377 3174; x_wconf 77' lang='lat' dir='ltr'>eum:</span> <span class='ocrx_word' id='word_1_185' title='bbox 399 3138 489 3190; x_wconf 63' lang='lat' dir='ltr'>viique</span> <span class='ocrx_word' id='word_1_186' title='bbox 503 3118 543 3174; x_wconf 79' lang='lat' dir='ltr'>ad</span> <span class='ocrx_word' id='word_1_187' title='bbox 565 3117 620 3174; x_wconf 83' lang='lat' dir='ltr'>hoe</span> <span class='ocrx_word' id='word_1_188' title='bbox 642 3124 742 3175; x_wconf 81' lang='lat' dir='ltr'>eutem</span> <span class='ocrx_word' id='word_1_189' title='bbox 764 3118 843 3175; x_wconf 86' lang='lat' dir='ltr'>dixit</span> <span class='ocrx_word' id='word_1_190' title='bbox 864 3119 901 3176; x_wconf 89' lang='lat' dir='ltr'>de</span> <span class='ocrx_word' id='word_1_191' title='bbox 925 3118 1049 3195; x_wconf 85' lang='lat' dir='ltr'>Spiritu,</span> <span class='ocrx_word' id='word_1_192' title='bbox 1072 3139 1162 3195; x_wconf 89' lang='lat' dir='ltr'>quem</span> <span class='ocrx_word' id='word_1_193' title='bbox 1186 3122 1344 3198; x_wconf 70' lang='lat' dir='ltr'>recepturi</span> 
     </span>
     <span class='ocr_line' id='line_1_32' title="bbox 129 3197 515 3255; baseline 0.003 -1"><span class='ocrx_word' id='word_1_194' title='bbox 129 3204 214 3254; x_wconf 85' lang='lat' dir='ltr'>erunt</span> <span class='ocrx_word' id='word_1_195' title='bbox 229 3197 380 3253; x_wconf 84' lang='lat' dir='ltr'>eredentes</span> <span class='ocrx_word' id='word_1_196' title='bbox 394 3198 426 3253; x_wconf 92' lang='lat' dir='ltr'>in</span> <span class='ocrx_word' id='word_1_197' title='bbox 440 3216 515 3255; x_wconf 91' lang='lat' dir='ltr'>eum.</span> 
     </span>
     <span class='ocr_line' id='line_1_33' title="bbox 193 3276 386 3349; baseline 0 -16"><span class='ocrx_word' id='word_1_198' title='bbox 193 3276 386 3349; x_wconf 72' lang='lat' dir='ltr'>Qli&#39;ertorinm.</span> 
     </span>
    </p>
   </div>
   <div class='ocr_carea' id='block_1_10' title="bbox 130 3355 1343 3493">
    <p class='ocr_par' dir='ltr' id='par_1_17' title="bbox 130 3355 1343 3493">
     <span class='ocr_line' id='line_1_34' title="bbox 190 3355 1343 3439; baseline 0.006 -25"><span class='ocrx_word' id='word_1_199' title='bbox 190 3355 328 3425; x_wconf 87' lang='lat' dir='ltr'>Domine,</span> <span class='ocrx_word' id='word_1_200' title='bbox 343 3360 514 3413; x_wconf 71' lang='lat' dir='ltr'>convertere</span> <span class='ocrx_word' id='word_1_201' title='bbox 527 3363 557 3414; x_wconf 91' lang='lat' dir='ltr'>et</span> <span class='ocrx_word' id='word_1_202' title='bbox 569 3357 652 3433; x_wconf 85' lang='lat' dir='ltr'>&#39;eripe</span> <span class='ocrx_word' id='word_1_203' title='bbox 665 3358 793 3415; x_wconf 82' lang='lat' dir='ltr'>animum</span> <span class='ocrx_word' id='word_1_204' title='bbox 816 3378 931 3418; x_wconf 85' lang='lat' dir='ltr'>meum:</span> <span class='ocrx_word' id='word_1_205' title='bbox 960 3360 1075 3417; x_wconf 72' lang='lat' dir='ltr'>uelvum</span> <span class='ocrx_word' id='word_1_206' title='bbox 1090 3362 1138 3420; x_wconf 81' lang='lat' dir='ltr'>ine</span> <span class='ocrx_word' id='word_1_207' title='bbox 1151 3360 1198 3420; x_wconf 76' lang='lat' dir='ltr'>ino</span> <span class='ocrx_word' id='word_1_208' title='bbox 1214 3369 1343 3439; x_wconf 85' lang='lat' dir='ltr'>propter</span> 
     </span>
     <span class='ocr_line' id='line_1_35' title="bbox 130 3436 463 3493; baseline -0.003 1"><span class='ocrx_word' id='word_1_209' title='bbox 130 3436 359 3493; x_wconf 80' lang='lat' dir='ltr'>miserieoniium</span> <span class='ocrx_word' id='word_1_210' title='bbox 373 3445 463 3493; x_wconf 87' lang='lat' dir='ltr'>tuam.</span> 
     </span>
    </p>
   </div>
   <div class='ocr_carea' id='block_1_11' title="bbox 190 3520 311 3573">
    <p class='ocr_par' dir='ltr' id='par_1_18' title="bbox 190 3520 311 3573">
     <span class='ocr_line' id='line_1_36' title="bbox 190 3520 311 3573; baseline -0.008 0"><span class='ocrx_word' id='word_1_211' title='bbox 190 3520 311 3573; x_wconf 71' lang='lat' dir='ltr'>Secreta.</span> 
     </span>
    </p>
   </div>
   <div class='ocr_carea' id='block_1_12' title="bbox 129 3595 1340 3754">
    <p class='ocr_par' dir='ltr' id='par_1_19' title="bbox 129 3595 1340 3754">
     <span class='ocr_line' id='line_1_37' title="bbox 191 3595 1340 3669; baseline 0.01 -17"><span class='ocrx_word' id='word_1_212' title='bbox 191 3595 324 3653; x_wconf 82' lang='lat' dir='ltr'>Concede</span> <span class='ocrx_word' id='word_1_213' title='bbox 350 3596 444 3665; x_wconf 89' lang='lat' dir='ltr'>nobis,</span> <span class='ocrx_word' id='word_1_214' title='bbox 474 3596 603 3655; x_wconf 86' lang='lat' dir='ltr'>Domine</span> <span class='ocrx_word' id='word_1_215' title='bbox 630 3599 712 3656; x_wconf 83' lang='lat' dir='ltr'>Dens</span> <span class='ocrx_word' id='word_1_216' title='bbox 740 3606 846 3669; x_wconf 80' lang='lat' dir='ltr'>noster,</span> <span class='ocrx_word' id='word_1_217' title='bbox 869 3608 905 3659; x_wconf 91' lang='lat' dir='ltr'>nt</span> <span class='ocrx_word' id='word_1_218' title='bbox 927 3601 989 3660; x_wconf 83' lang='lat' dir='ltr'>lnee</span> <span class='ocrx_word' id='word_1_219' title='bbox 1013 3602 1111 3661; x_wconf 80' lang='lat' dir='ltr'>hostie</span> <span class='ocrx_word' id='word_1_220' title='bbox 1138 3604 1280 3662; x_wconf 73' lang='lat' dir='ltr'>salutarie</span> <span class='ocrx_word' id='word_1_221' title='bbox 1307 3611 1340 3663; x_wconf 87' lang='lat' dir='ltr'>et</span> 
     </span>
     <span class='ocr_line' id='line_1_38' title="bbox 129 3676 1101 3754; baseline 0.008 -20"><span class='ocrx_word' id='word_1_222' title='bbox 129 3676 366 3754; x_wconf 81' lang='lat' dir='ltr'>purificationem</span> <span class='ocrx_word' id='word_1_223' title='bbox 380 3676 465 3733; x_wconf 75' lang='lat' dir='ltr'>nobie</span> <span class='ocrx_word' id='word_1_224' title='bbox 479 3678 608 3753; x_wconf 77' lang='lat' dir='ltr'>praebent</span> <span class='ocrx_word' id='word_1_225' title='bbox 621 3687 651 3737; x_wconf 87' lang='lat' dir='ltr'>et</span> <span class='ocrx_word' id='word_1_226' title='bbox 665 3679 816 3738; x_wconf 62' lang='lat' dir='ltr'>medelum.</span> <span class='ocrx_word' id='word_1_227' title='bbox 858 3680 917 3739; x_wconf 90' lang='lat' dir='ltr'>Per</span> <span class='ocrx_word' id='word_1_228' title='bbox 931 3683 1101 3742; x_wconf 91' lang='lat' dir='ltr'>Dominum.</span> 
     </span>
    </p>
   </div>
   <div class='ocr_carea' id='block_1_13' title="bbox 190 3772 847 3932">
    <p class='ocr_par' dir='ltr' id='par_1_20' title="bbox 190 3772 847 3932">
     <span class='ocr_line' id='line_1_39' title="bbox 191 3772 373 3831; baseline -0.016 0"><span class='ocrx_word' id='word_1_229' title='bbox 191 3772 373 3831; x_wconf 81' lang='lat' dir='ltr'>Coninnniio.</span> 
     </span>
     <span class='ocr_line' id='line_1_40' title="bbox 190 3852 847 3932; baseline 0.005 -21"><span class='ocrx_word' id='word_1_230' title='bbox 190 3852 338 3911; x_wconf 80' lang='lat' dir='ltr'>Dominus</span> <span class='ocrx_word' id='word_1_231' title='bbox 351 3853 518 3912; x_wconf 79' lang='lat' dir='ltr'>virtutum:</span> <span class='ocrx_word' id='word_1_232' title='bbox 539 3853 602 3929; x_wconf 83' lang='lat' dir='ltr'>ipse</span> <span class='ocrx_word' id='word_1_233' title='bbox 615 3859 661 3910; x_wconf 82' lang='lat' dir='ltr'>est</span> <span class='ocrx_word' id='word_1_234' title='bbox 674 3874 726 3912; x_wconf 83' lang='lat' dir='ltr'>rex</span> <span class='ocrx_word' id='word_1_235' title='bbox 739 3854 847 3932; x_wconf 84' lang='lat' dir='ltr'>gloriae.</span> 
     </span>
    </p>
   </div>
   <div class='ocr_carea' id='block_1_14' title="bbox 187 3949 429 4010">
    <p class='ocr_par' dir='ltr' id='par_1_21' title="bbox 187 3949 429 4010">
     <span class='ocr_line' id='line_1_41' title="bbox 187 3949 429 4010; baseline -0.008 0"><span class='ocrx_word' id='word_1_236' title='bbox 187 3949 429 4010; x_wconf 78' lang='lat' dir='ltr'>Poeiemuniunio.</span> 
     </span>
    </p>
   </div>
   <div class='ocr_carea' id='block_1_15' title="bbox 128 4029 1336 4176">
    <p class='ocr_par' dir='ltr' id='par_1_22' title="bbox 128 4029 1336 4176">
     <span class='ocr_line' id='line_1_42' title="bbox 189 4029 1336 4117; baseline 0.008 -28"><span class='ocrx_word' id='word_1_237' title='bbox 189 4030 372 4089; x_wconf 81' lang='lat' dir='ltr'>Snomnienti</span> <span class='ocrx_word' id='word_1_238' title='bbox 385 4029 440 4095; x_wconf 81' lang='lat' dir='ltr'>tui,</span> <span class='ocrx_word' id='word_1_239' title='bbox 454 4049 622 4106; x_wconf 79' lang='lat' dir='ltr'>quresumue</span> <span class='ocrx_word' id='word_1_240' title='bbox 637 4030 772 4099; x_wconf 85' lang='lat' dir='ltr'>Domine,</span> <span class='ocrx_word' id='word_1_241' title='bbox 787 4034 975 4110; x_wconf 79' lang='lat' dir='ltr'>participatio</span> <span class='ocrx_word' id='word_1_242' title='bbox 994 4037 1132 4097; x_wconf 81' lang='lat' dir='ltr'>saluteris</span> <span class='ocrx_word' id='word_1_243' title='bbox 1150 4046 1182 4098; x_wconf 90' lang='lat' dir='ltr'>et</span> <span class='ocrx_word' id='word_1_244' title='bbox 1197 4040 1336 4117; x_wconf 73' lang='lat' dir='ltr'>purifice-</span> 
     </span>
     <span class='ocr_line' id='line_1_43' title="bbox 128 4109 966 4176; baseline 0.002 -4"><span class='ocrx_word' id='word_1_245' title='bbox 128 4114 241 4172; x_wconf 88' lang='lat' dir='ltr'>tionem</span> <span class='ocrx_word' id='word_1_246' title='bbox 256 4111 341 4169; x_wconf 83' lang='lat' dir='ltr'>nobis</span> <span class='ocrx_word' id='word_1_247' title='bbox 355 4111 470 4167; x_wconf 84' lang='lat' dir='ltr'>tribunt</span> <span class='ocrx_word' id='word_1_248' title='bbox 483 4116 514 4167; x_wconf 86' lang='lat' dir='ltr'>et</span> <span class='ocrx_word' id='word_1_249' title='bbox 527 4109 680 4168; x_wconf 83' lang='lat' dir='ltr'>medelum.</span> <span class='ocrx_word' id='word_1_250' title='bbox 723 4112 782 4169; x_wconf 85' lang='lat' dir='ltr'>Per</span> <span class='ocrx_word' id='word_1_251' title='bbox 796 4113 966 4176; x_wconf 89' lang='lat' dir='ltr'>Dominum.</span> 
     </span>
    </p>
   </div>
   <div class='ocr_carea' id='block_1_16' title="bbox 188 4203 1334 4372">
    <p class='ocr_par' dir='ltr' id='par_1_23' title="bbox 188 4203 1334 4372">
     <span class='ocr_line' id='line_1_44' title="bbox 188 4203 453 4282; baseline -0.019 -17"><span class='ocrx_word' id='word_1_252' title='bbox 188 4206 285 4282; x_wconf 74' lang='lat' dir='ltr'>Super</span> <span class='ocrx_word' id='word_1_253' title='bbox 300 4203 453 4282; x_wconf 74' lang='lat' dir='ltr'>populum.</span> 
     </span>
     <span class='ocr_line' id='line_1_45' title="bbox 190 4282 1334 4372; baseline 0.009 -28"><span class='ocrx_word' id='word_1_254' title='bbox 190 4286 246 4359; x_wconf 87' lang='lat' dir='ltr'>Du,</span> <span class='ocrx_word' id='word_1_255' title='bbox 262 4304 438 4363; x_wconf 69' lang='lat' dir='ltr'>quaesumus,</span> <span class='ocrx_word' id='word_1_256' title='bbox 453 4282 590 4353; x_wconf 83' lang='lat' dir='ltr'>Domine,</span> <span class='ocrx_word' id='word_1_257' title='bbox 605 4283 713 4359; x_wconf 84' lang='lat' dir='ltr'>populo</span> <span class='ocrx_word' id='word_1_258' title='bbox 733 4290 787 4341; x_wconf 89' lang='lat' dir='ltr'>tuo</span> <span class='ocrx_word' id='word_1_259' title='bbox 806 4284 944 4361; x_wconf 79' lang='lat' dir='ltr'>spiritum</span> <span class='ocrx_word' id='word_1_260' title='bbox 956 4288 1092 4349; x_wconf 80' lang='lat' dir='ltr'>veritatis</span> <span class='ocrx_word' id='word_1_261' title='bbox 1106 4298 1138 4351; x_wconf 89' lang='lat' dir='ltr'>et</span> <span class='ocrx_word' id='word_1_262' title='bbox 1150 4294 1242 4372; x_wconf 82' lang='lat' dir='ltr'>pecie,</span> <span class='ocrx_word' id='word_1_263' title='bbox 1256 4301 1293 4354; x_wconf 88' lang='lat' dir='ltr'>ut</span> <span class='ocrx_word' id='word_1_264' title='bbox 1305 4300 1334 4353; x_wconf 76' lang='lat' dir='ltr'>te</span> 
     </span>
    </p>
   </div>
   <div class='ocr_carea' id='block_1_17' title="bbox 129 4363 1330 4521">
    <p class='ocr_par' dir='ltr' id='par_1_24' title="bbox 129 4363 1330 4521">
     <span class='ocr_line' id='line_1_46' title="bbox 129 4363 1330 4446; baseline 0.009 -21"><span class='ocrx_word' id='word_1_265' title='bbox 129 4373 194 4425; x_wconf 85' lang='lat' dir='ltr'>totu</span> <span class='ocrx_word' id='word_1_266' title='bbox 213 4375 314 4426; x_wconf 82' lang='lat' dir='ltr'>mente</span> <span class='ocrx_word' id='word_1_267' title='bbox 336 4372 500 4443; x_wconf 77' lang='lat' dir='ltr'>eognoscat,</span> <span class='ocrx_word' id='word_1_268' title='bbox 523 4372 554 4421; x_wconf 86' lang='lat' dir='ltr'>et</span> <span class='ocrx_word' id='word_1_269' title='bbox 576 4382 641 4439; x_wconf 84' lang='lat' dir='ltr'>qum</span> <span class='ocrx_word' id='word_1_270' title='bbox 659 4363 715 4420; x_wconf 86' lang='lat' dir='ltr'>tibi</span> <span class='ocrx_word' id='word_1_271' title='bbox 730 4364 838 4440; x_wconf 77' lang='lat' dir='ltr'>placitu</span> <span class='ocrx_word' id='word_1_272' title='bbox 850 4376 921 4425; x_wconf 81' lang='lat' dir='ltr'>eunt</span> <span class='ocrx_word' id='word_1_273' title='bbox 941 4370 991 4446; x_wconf 81' lang='lat' dir='ltr'>pie</span> <span class='ocrx_word' id='word_1_274' title='bbox 1012 4371 1170 4434; x_wconf 80' lang='lat' dir='ltr'>devotione</span> <span class='ocrx_word' id='word_1_275' title='bbox 1188 4382 1330 4436; x_wconf 76' lang='lat' dir='ltr'>exerrent</span> 
     </span>
     <span class='ocr_line' id='line_1_47' title="bbox 129 4443 1235 4521; baseline -0.001 -15"><span class='ocrx_word' id='word_1_276' title='bbox 129 4448 190 4506; x_wconf 88' lang='lat' dir='ltr'>Per</span> <span class='ocrx_word' id='word_1_277' title='bbox 207 4448 380 4506; x_wconf 87' lang='lat' dir='ltr'>Dominum.</span> <span class='ocrx_word' id='word_1_278' title='bbox 424 4445 464 4504; x_wconf 93' lang='lat' dir='ltr'>In</span> <span class='ocrx_word' id='word_1_279' title='bbox 478 4445 594 4502; x_wconf 85' lang='lat' dir='ltr'>unituto</span> <span class='ocrx_word' id='word_1_280' title='bbox 608 4444 632 4520; x_wconf 89' lang='lat' dir='ltr'>ej</span> <span class='ocrx_word' id='word_1_281' title='bbox 638 4443 738 4501; x_wconf 78' lang='lat' dir='ltr'>undem</span> <span class='ocrx_word' id='word_1_282' title='bbox 753 4445 889 4521; x_wconf 60' lang='lat' dir='ltr'>Spiritus„</span> <span class='ocrx_word' id='word_1_283' title='bbox 1229 4474 1235 4483; x_wconf 92' lang='lat'><strong>·</strong></span> 
     </span>
    </p>
   </div>
   <div class='ocr_carea' id='block_1_18' title="bbox 0 0 1416 4920">
    <p class='ocr_par' dir='ltr' id='par_1_25' title="bbox 0 0 1416 4920">
     <span class='ocr_line' id='line_1_48' title="bbox 0 0 1416 4920; baseline 0 0"><span class='ocrx_word' id='word_1_284' title='bbox 0 0 1416 4920; x_wconf 95' lang='lat' dir='ltr'> </span> 
     </span>
    </p>
   </div>
  </div>
 </body>
</html>
