2804 4920
159 346 222 408 166
509 341 557 406 ln
578 340 633 406 die
654 341 777 406 Sancto
798 340 1007 408 Pentecosten

212 508 374 585 Sequentia.

152 608 254 667 Sancti
269 607 397 684 Spiritus
410 607 488 664 adsit
502 607 586 663 nobis
600 607 705 683 gratia,

153 690 225 758 Quae
240 690 328 746 corda
341 694 441 747 nostra
455 689 511 745 sihi
524 688 612 745 faciat
625 688 802 761 habitacula,

152 769 293 846 Expulsis
306 770 375 827 inde
389 769 502 826 cunctis
515 769 597 825 vitiis
610 769 800 846 spiritahbus.

152 850 280 923 Spiritus
294 850 378 922 alme,
392 850 557 908 illustrator
569 849 732 922 hominum,

152 931 299 989 Hori-idas
312 937 420 989 nostrae
434 930 541 989 mentis
554 950 648 1008 purga
661 932 805 989 tenebras.

151 1013 280 1070 Amator
293 1021 392 1070 sancte
406 1020 588 1070 sensatorum
602 1031 716 1089 semper
729 1012 921 1088 cogitatuum,

153 1093 281 1151 infunde
295 1095 464 1151 unctionem
478 1099 561 1150 tuam
575 1092 701 1150 clemens
714 1093 824 1151 nostris
837 1094 978 1151 sensibus.
1057 1113 1062 1126 ·

152 1174 198 1231 Tu
212 1174 382 1250 purificator
394 1174 526 1231 omnium
545 1174 723 1250 flagitiorum
738 1174 878 1251 Spiritus,

152 1254 280 1313 Purifica
293 1256 387 1313 nostri
400 1255 518 1312 oculum
531 1255 680 1312 interioris
694 1254 831 1327 hominis,

153 1335 199 1393 Ut
213 1336 307 1394 videri
320 1355 473 1412 supremus
486 1336 602 1412 genitor
615 1335 706 1411 possit
719 1355 737 1392 a
751 1337 843 1408 nohis,

151 1415 260 1474 Mundi
274 1417 360 1474 corde
374 1436 460 1493 quem
475 1416 529 1473 soli
543 1436 660 1474 cernere
673 1424 796 1493 possunt
810 1417 894 1474 oculi

150 1497 313 1574 Prophetas
326 1504 361 1555 tu
375 1498 535 1573 inspirasti,
549 1502 585 1555 ut
597 1499 743 1573 praeconis
757 1497 867 1555 christi
882 1497 1104 1574 praecinuissent
1117 1496 1238 1574 inclyta.

149 1579 310 1655 Apostolos
320 1578 500 1650 confortasti,
511 1579 559 1635 uti
572 1586 716 1654 tropaeum
731 1578 842 1636 Christi
855 1598 908 1654 per
922 1583 1018 1636 totum
1031 1578 1177 1635 mundum
1191 1579 1339 1636 veherent.

151 1658 276 1729 Quando
291 1659 456 1717 machinam
470 1659 658 1735 perverbum
672 1680 759 1716 suum
771 1660 842 1717 fecit
855 1660 938 1717 Deus
951 1659 1024 1731 cali,
1038 1664 1134 1732 terrae,
1150 1660 1285 1718 marium.

150 1738 196 1797 Tu
209 1760 297 1816 super
310 1760 406 1817 aquas,
423 1741 538 1797 foturus
552 1760 609 1813 cas,
623 1760 734 1798 numan
748 1748 834 1798 tuum
848 1740 1023 1818 expandisti,
1039 1740 1176 1817 Spiritus.

150 1819 196 1877 Tu
209 1821 364 1878 animabus
377 1821 569 1893 vivificandis,
585 1840 676 1897 aquas
689 1821 845 1894 fecundas3

150 1901 204 1974 Tu,
220 1902 384 1979 aspirando,
399 1902 451 1959 das
465 1901 610 1978 spiritales
624 1921 685 1959 esse
698 1902 849 1975 homines3

148 1982 193 2038 Tu
208 1983 335 2040 divisum
349 2003 402 2059 per
415 1983 530 2059 linguas
545 1982 690 2040 mundum
704 1989 733 2040 et
747 1984 822 2040 ritus
835 1982 982 2052 adunasti,
998 1981 1135 2041 Domine.

150 2063 296 2121 Idolatrss
309 2064 347 2121 ad
360 2064 474 2121 cultum
489 2063 548 2122 Dei
562 2083 688 2136 revocas,
703 2064 910 2141 magistrorum
924 2064 1042 2140 optime.

149 2143 228 2220 Ergo
241 2164 295 2202 nos
308 2144 506 2221 supplicantes
520 2144 577 2201 tibi
590 2145 698 2203 exaaudi
711 2145 865 2221 propitius,
882 2144 989 2202 Sancte
1003 2143 1142 2220 Spiritus,

149 2224 219 2282 Sina
232 2244 291 2300 quo
305 2244 403 2301 preces
417 2245 518 2282 omnes
531 2244 616 2283 cassae
631 2225 800 2298 creduntur,
815 2231 845 2282 et
859 2224 986 2302 indigna
1000 2225 1059 2283 Dei
1072 2225 1202 2283 auribus

148 2304 201 2377 Tu,
217 2307 270 2381 qui
283 2306 415 2363 omnium
429 2306 602 2364 saeculorum
616 2312 731 2364 sanctos

148 2384 206 2442 Tui
219 2387 346 2443 nominis
359 2386 485 2444 docuisti
497 2387 641 2445 instinctu
654 2386 864 2464 amplectendo,
880 2386 1017 2464 Spiritus,

149 2466 166 2523 I
168 2485 218 2542 pse
231 2466 318 2524 hodie
331 2467 478 2543 apostolos
492 2467 604 2525 Christi

147 2548 270 2605 Donans
284 2568 405 2606 munere
419 2549 538 2606 insolito
552 2556 583 2605 et
596 2548 709 2606 cunctis
722 2548 857 2606 inaudito
871 2548 992 2620 saeculis,

148 2629 241 2686 Hunc
255 2629 333 2686 diem
347 2630 505 2706 gloriosum
519 2629 622 2687 fecisti

207 2792 406 2865 Eouapclium.
449 2792 614 2850 Senatorium
628 2790 794 2848 Jolmnnern
808 2792 880 2867 (cria.
895 2792 1009 2869 23-31).

205 2872 244 2929 Iu
257 2874 308 2929 illo
322 2880 462 2949 tempore,
483 2872 571 2929 Dixit
588 2873 609 2930 ,J
612 2892 677 2929 esus
691 2873 840 2948 discipulis
854 2874 914 2929 suis
920 2893 928 2944 3
950 2873 1062 2948 Siquis
1080 2872 1180 2949 diligit
1196 2892 1242 2930 me
1258 2888 1376 2944 usque

145 2953 185 3010 ud
198 2954 372 3091 (girigdtgiligo
386 2954 516 3026 Patrem,
531 2960 562 3010 et
576 2953 652 3009 sicut
665 2953 838 3010 mandatnm
853 2954 935 3011 dedit
949 2954 1022 3010 milri
1037 2954 1137 3025 Pater,
1153 2955 1194 3011 sic
1207 2954 1282 3010 facia

205 3131 438 3283 ggiheirhiiniioc,
455 3212 546 3284 Deus,
561 3212 640 3287 quod
662 3218 799 3288 operatus
813 3232 843 3269 cs
864 3212 896 3269 in
914 3213 1008 3282 nohis,
1023 3232 1040 3267 a
1063 3212 1175 3289 templo
1197 3219 1247 3270 tuo
1267 3203 1363 3287 quod

144 3298 188 3348 est
206 3293 237 3348 in
252 3294 459 3349 Hierusalem:
480 3293 536 3350 tibi
550 3295 674 3350 offerent
688 3313 769 3370 reges
783 3313 914 3366 munera,
929 3292 1063 3369 alleluya

203 3389 322 3448 »Secreta

202 3471 338 3540 Munera,
355 3490 530 3545 quaesumus,
547 3472 683 3539 Domine,
699 3471 798 3529 oblata
812 3472 968 3543 sanctifica,
985 3480 1016 3530 et
1029 3473 1118 3529 corda
1132 3479 1232 3530 nostra
1244 3464 1358 3528 Sanctl

141 3552 270 3626 Spiritus
284 3551 483 3608 illustratione
497 3552 632 3608 emunda.
676 3553 734 3609 Per
749 3553 920 3610 Dominum.
964 3552 1003 3609 In
1018 3554 1136 3611 unitate
1150 3554 1281 3630 ejusdem.

201 3631 351 3706 Priatittio.
396 3632 454 3700 Qui
471 3634 636 3704 ascendens,
649 3643 674 3689 et
695 3634 805 3691 dicitur
825 3634 968 3690 hodierna
987 3634 1043 3691 die.
1088 3629 1354 3692 communicantes

139 3724 164 3769 et
180 3714 268 3770 Hanc
282 3712 375 3788 igitur
389 3733 478 3787 nsque
492 3715 532 3770 ud
547 3713 665 3771 Festum
680 3714 794 3772 Sanctae
811 3715 975 3773 Trinitatis.

202 3810 383 3869 Consanum).

197 3892 307 3948 Factus
321 3899 365 3947 est
382 3898 503 3965 repente
518 3892 553 3949 do
568 3892 638 3950 caelo
652 3912 741 3950 sonus
755 3892 941 3950 advenientis
958 3892 1080 3969 spiritus
1093 3891 1271 3951 vehementis
1284 3878 1345 3938 ubl

136 3981 221 4030 erunt
235 3973 378 4042 sedentes,
395 3972 521 4046 alleluya
536 3995 541 4030 :
564 3980 594 4029 ct
608 3974 714 4049 repleti
728 3981 799 4031 sunt
813 3994 914 4032 omnes
928 3974 1044 4050 Spiritu
1059 3975 1177 4047 Sancto,
1194 3966 1346 4048 loquentes

139 4055 285 4131 magnalia
300 4054 365 4123 Dei,
381 4052 517 4128 alleluya,
533 4053 668 4130 alleluya„

198 4151 438 4210 Poslcunnnnnin.
1316 4210 1324 4221 ο

197 4234 299 4292 Sancti
314 4233 451 4309 Spiritus,
469 4231 605 4302 Domine,
622 4234 709 4290 corda
723 4240 824 4290 nostra
844 4234 968 4291 mundet
989 4235 1120 4291 infusio:
1150 4240 1181 4291 ct
1202 4230 1245 4289 sui
1264 4225 1339 4281 1¹0s¹⁸

136 4316 242 4373 intima
268 4314 434 4392 aspersione
462 4313 607 4371 fecundet.
676 4316 734 4372 Per
762 4316 932 4372 Dominum.
1003 4316 1042 4371 In
1070 4316 1187 4373 unitata
1212 4301 1336 4388 ejusdem

138 4397 273 4473 Spiritus.
