2804 4920
533 330 629 398 Festa
649 332 750 398 Ma'vi.

106 496 300 573 offertorium.
342 496 472 556 Veritas.

106 591 229 651 Secreta.

103 673 206 731 Sancti
219 672 391 730 confessoris
404 672 450 730 tui
464 672 630 749 Augustini
643 672 737 743 nobis,
753 671 891 742 Domine,
906 672 956 748 pis
968 690 1029 729 non
1042 671 1120 729 desit
1133 669 1239 743 oratio,

66 775 109 812 un
132 761 164 813 et
185 773 309 812 munem
331 759 434 814 nostro
456 753 602 826 conciliet,
616 760 648 812 et
667 760 751 812 tuam
774 753 861 811 nobis
884 751 1100 831 indulgentiam
1123 770 1239 829 sempor

66 835 192 913 nploret
234 834 300 894 Per.

105 926 288 988 Cornmanio.
329 927 441 985 Beatus
454 946 564 985 servus.

105 1019 350 1079 Posteommanio.

105 1103 270 1170 Sumentss,
292 1100 428 1173 Domine,
452 1101 594 1159 salutaris
614 1106 797 1159 sacramento.
818 1099 963 1176 supplices
984 1100 1184 1177 depoemmvr,
1206 1107 1243 1158 ut

66 1182 235 1322 Lurznnffls
262 1182 376 1240 tribues
409 1183 548 1259 subsequi
580 1181 764 1253 documenta,
792 1182 877 1258 eujus
910 1181 1091 1240 oslsbrsmus
1116 1181 1243 1258 glorioso

105 1355 149 1414 In
170 1354 279 1415 Octava
291 1354 339 1412 die
351 1353 445 1413 saneti
465 1354 621 1414 Etisdherti
640 1355 739 1414 omnia
748 1357 831 1430 fiant
843 1354 919 1413 sient
931 1356 966 1412 in
978 1355 1033 1414 die.
1074 1354 1111 1414 si
1123 1354 1242 1413 Festum

66 1437 142 1496 eneti
152 1435 419 1510 sententiaeque
432 1435 479 1494 die
492 1445 560 1494 ante
572 1435 771 1495 decensionem
778 1436 907 1506 evenerit,
916 1435 1021 1495 ibidem
1022 1438 1083 1510 βαι
1092 1436 1242 1494 servitiam

66 1539 113 1576 am
139 1517 255 1576 Oetaeis
280 1517 426 1575 arretinrn's
448 1535 538 1592 vsqve
563 1518 605 1574 ad
631 1516 768 1592 Viqiliam
788 1516 978 1575 Assensionis.
1030 1516 1066 1575 Si
1085 1517 1243 1575 Dorniniea
1323 1528 1326 1531 '

66 1599 176 1670 venerit,
192 1598 227 1656 de
240 1617 271 1656 eo
283 1599 343 1672 βαι
365 1596 522 1670 servitiam,
539 1606 566 1656 et
587 1597 682 1656 Missa
703 1599 737 1656 de
758 1597 915 1657 Dominiea
928 1597 1031 1673 aliqva
1044 1597 1133 1656 Feria
1135 1601 1195 1673 βαι
1207 1598 1243 1655 in

66 1679 194 1757 'epitrita
207 1678 260 1736 sei
272 1678 525 1753 omnmodivsfisri
532 1679 633 1755 possit.
674 1678 710 1738 Si
722 1680 756 1737 in
781 1678 889 1753 Vtyitia
908 1678 1092 1737 Aseni-simiis
1111 1677 1242 1750 sonarit,

66 1771 141 1819 >tam
153 1760 304 1818 servitiam
308 1758 370 1834 βαι
382 1759 417 1816 de
430 1759 522 1831 Festo,
536 1769 563 1817 et
577 1760 671 1818 Missa
684 1761 718 1818 de
739 1759 845 1834 Viyilia
857 1759 892 1817 in
906 1758 1052 1836 Capimto.
1094 1758 1130 1818 Si
1142 1769 1243 1818 ostova

66 1843 108 1900 ies
116 1842 152 1898 in
168 1840 275 1915 Viqilia
285 1840 467 1898 detensionis
476 1841 633 1916 mnti'qerit,
642 1841 791 1899 servitium
795 1839 856 1916 βαι
874 1842 908 1898 de
933 1841 1049 1913 Octava,
1060 1848 1087 1899 et
1100 1839 1195 1899 Missa
1208 1840 1243 1899 de

66 1922 161 1997 'inilia
174 1922 209 1979 in
223 1919 368 1997 Capitale.
400 1919 436 1979 Si
451 1921 498 1980 die
511 1921 692 1980 detensiones
709 1921 838 1992 evenerit,
849 1922 1003 1994 differatrsr
1015 1922 1050 1979 in
1062 1922 1242 1991 erastinvm;

66 2013 73 2061 t
87 2003 202 2062 Oetaea
216 2002 360 2060 wntinvoe
372 2003 407 2060 de
420 2002 597 2074 Asoensam,
611 2011 637 2061 et
656 2002 800 2062 memoria
812 2003 848 2062 de
859 2011 958 2061 saneto
971 2001 1055 2077 infra
1070 2002 1200 2074 Oetaeae,
1215 2010 1244 2061 et

66 2084 212 2143 oOetova
235 2083 418 2140 Assensionis
437 2083 532 2142 Messa
555 2084 590 2142 de
612 2093 711 2142 saneto
726 2086 787 2159 βαι
813 2084 847 2141 in
872 2082 1017 2159 Capitate.
1059 2081 1095 2142 Si
1121 2083 1242 2142 Festum

66 2165 142 2223 eneti
160 2162 316 2222 Etlvelherti
344 2164 378 2220 in
398 2164 488 2221 Feria
509 2173 587 2223 senta
608 2174 675 2223 ante
697 2164 879 2224 Pentecosten
900 2164 1057 2240 wntt'qerit,
1079 2162 1122 2221 ibi
1135 2163 1242 2239 festive

66 2246 210 2316 eiebretur,
230 2253 256 2302 et
277 2245 311 2301 in
329 2245 455 2303 erastino
476 2246 575 2303 omnia
589 2248 671 2320 flant
693 2246 728 2303 de
755 2245 861 2321 Viqitia
881 2255 907 2302 et
920 2244 1066 2304 'nmneoria
1083 2246 1118 2303 de
1134 2254 1241 2303 saneto.

66 2327 82 2384 's'
100 2325 210 2401 Viqilia
224 2325 397 2384 Pentecostes
409 2327 538 2397 evenerit,
553 2326 702 2384 servitiam
713 2329 774 2401 βαι
793 2327 828 2385 de
841 2335 948 2398 saneto,
962 2336 989 2385 et
994 2326 1095 2402 finitis
1108 2326 1203 2384 Missa
1216 2334 1243 2383 et

66 2407 223 2466 rooessmne
236 2406 271 2464 de
284 2415 390 2477 saneto,
399 2407 542 2482 processio
547 2410 607 2482 βαι
620 2408 765 2482 adfontes
777 2416 803 2466 et
814 2408 910 2466 Missa
919 2407 1064 2466 sollemnis
1073 2408 1108 2466 de
1123 2406 1244 2482 Viatia:

66 2497 74 2545 t
92 2496 162 2566 post
184 2486 304 2546 Feriam
327 2488 441 2545 tertiam
465 2488 546 2546 omni
558 2489 605 2547 die
618 2491 678 2563 βαι
699 2489 838 2547 mernoria
855 2491 891 2547 de
904 2497 1010 2559 saneto,
1025 2497 1052 2546 et
1071 2506 1245 2564 quantaque

66 2569 96 2628 tie
117 2576 189 2645 post
211 2566 330 2626 Feriam
354 2567 468 2626 tertiam
491 2568 574 2644 infra
590 2568 797 2627 hebdomadam
820 2580 920 2629 octava
946 2570 1008 2627 dies
1035 2569 1192 2644 wnti'qerit,
1212 2568 1248 2626 de

66 2659 149 2708 oneto
164 2651 224 2723 βαι
248 2648 342 2706 Missa
362 2649 396 2706 in
419 2648 563 2725 Capitale
615 2649 652 2708 Si
671 2660 771 2708 octava
790 2650 851 2708 dies
875 2649 981 2725 Viqitia
994 2649 1170 2708 Pentecostes
1183 2669 1246 2707 oon-

66 2731 158 2807 iqerit,
166 2732 226 2805 βαι
236 2731 271 2788 de
284 2750 314 2788 eo
325 2730 474 2788 servitium
485 2750 550 2788 eam
558 2730 695 2805 resimine
705 2731 935 2807 antepones
944 2731 1137 2806 proseminat
1145 2751 1245 2806 snpra.

66 2812 82 2870 'i
104 2812 156 2870 die
182 2811 354 2869 Pentecosten
370 2811 528 2886 eontiqerit,
545 2812 697 2885 differatur
717 2816 751 2870 in
772 2812 943 2882 orastinrnn,
957 2811 1001 2869 oei
1019 2811 1137 2868 dieatar
1152 2810 1249 2868 Missa

66 2896 82 2951 'e
107 2893 271 2950 Pentecoste
291 2891 463 2950 sollemniter
480 2892 514 2949 in
535 2891 626 2963 storo,
645 2902 712 2950 ante
728 2892 937 2968 processionem
956 2891 991 2950 de
1008 2900 1115 2950 saneto.
1170 2890 1251 2961 Qva-
1318 2904 1321 2910 '

66 2992 168 3049 amque
181 2973 243 3029 alea
256 2972 302 3030 die
315 2971 400 3047 infra
412 2971 618 3030 hebdomadam
631 2974 778 3048 oontiqerit
789 2973 823 3031 de
836 2994 867 3031 eo
873 2977 933 3048 fiat
946 2973 1104 3043 servitiam,
1116 2981 1143 3030 et
1153 2971 1250 3030 Missa

66 3057 85 3114 'e
111 3054 276 3112 Pentecoste
298 3053 333 3109 in
354 3051 499 3128 Comitulo.
542 3051 578 3111 Si
598 3054 633 3112 in
653 3055 699 3112 die
723 3054 878 3111 Trinitatis
899 3054 1029 3124 everterit,
1047 3054 1202 3127 differatur
1214 3053 1250 3111 in

66 3135 225 3193 rastinvm.
280 3131 315 3190 St
337 3131 422 3208 infra
446 3132 568 3191 Oetaeas
593 3135 687 3193 saneti
710 3134 866 3194 It'tlseleerti
888 3135 949 3193 dies
969 3134 1165 3210 Royatimvm
1186 3154 1251 3193 eon-

66 3215 159 3292 'merit
181 3217 242 3288 βαι
268 3213 363 3271 Messa
389 3215 425 3272 de
454 3235 485 3273 eo
515 3214 687 3274 sollemniter
714 3237 781 3274 eam
811 3215 989 3291 Prafations
1015 3216 1050 3274 de
1073 3215 1196 3287 Pescia,
1224 3224 1253 3274 et

66 3297 153 3354 tissa
170 3294 206 3352 de
226 3292 348 3369 Jsjvnio
364 3294 397 3352 in
415 3295 536 3353 statione
557 3296 682 3368 dieatm,
699 3306 725 3355 et
748 3297 790 3355 sie
801 3300 861 3373 βαι
885 3298 921 3355 de
940 3316 1112 3373 qaaoanqne
1142 3296 1250 3373 Via-ilia

66 3377 235 3450 ontinqente
269 3373 352 3450 infra
386 3374 508 3434 Oetaeas
536 3376 702 3435 sollemnes:
739 3378 854 3436 etiarnsi
882 3377 987 3453 aliqva
1024 3379 1252 3438 commemoratio

66 3481 84 3517 n
110 3456 169 3514 tali
192 3455 298 3531 Viqilia
321 3455 475 3531 antima,
496 3459 556 3531 βαι
584 3457 677 3516 Missa
703 3459 738 3516 de
768 3459 873 3535 Viqitia
899 3459 934 3517 in
955 3458 1102 3535 Capitale.
1143 3459 1179 3517 Si
1201 3459 1253 3518 hoe

66 3539 175 3596 testum
196 3537 290 3594 sandi
309 3536 465 3595 Etltdberti
479 3547 546 3613 post
562 3537 735 3597 Trinitatem
747 3539 905 3616 eontiqerit,
920 3539 979 3599 loeo
994 3540 1089 3617 primi
1102 3540 1251 3616 Alleluya,

66 3620 168 3678 tieitur
182 3616 317 3689 Gradele,
333 3617 463 3675 Posuisti
471 3638 480 3690 3
500 3620 626 3677 secanda
639 3620 685 3677 die
700 3620 835 3691 Gradate,
848 3621 870 3679 J
872 3628 955 3679 unm
976 3628 1012 3679 ut
1030 3622 1147 3698 pslms;
1168 3621 1253 3680 tertio

66 3701 103 3758 lie
127 3697 263 3767 Gradate
279 3698 389 3756 Beatus
413 3699 480 3770 vir;
500 3709 606 3775 quarte
621 3701 676 3771 die,
690 3701 794 3759 seilicet
812 3702 950 3779 Corporis
970 3701 1092 3774 christi,
1106 3702 1184 3760 nilsit
1191 3705 1253 3777 βαι

66 3783 90 3838 ie
104 3788 204 3837 saneto
216 3777 384 3838 Etielherto.
427 3779 467 3836 Et
482 3790 549 3856 post
570 3781 687 3839 Festum
709 3780 844 3858 Corporis
865 3782 985 3854 Chresti,
1001 3783 1127 3842 durante
1146 3783 1254 3841 Octava

66 3860 152 3917 amri
164 3859 320 3918 Edsetberti
333 3862 368 3919 de
381 3879 413 3918 eo
424 3864 484 3935 βαι
504 3863 642 3920 memoria
656 3872 779 3920 tantum.
822 3862 857 3923 Si
871 3862 980 3923 Octava
992 3864 1087 3923 saneti
1099 3863 1255 3922 Ethelherti

66 3939 142 4015 'nfra
156 3939 279 3999 Ootavas
292 3939 430 4018 Corporis
444 3940 555 4001 Christi
568 3943 725 4018 eontigerit,
733 3947 792 4018 βαι
806 3945 840 4003 de
853 3965 884 4003 eo
897 3946 1057 4017 servitiam,
1072 3954 1098 4003 et
1110 3945 1205 4002 Missa
1218 3944 1254 4002 de

66 4021 218 4079 Dorninioa
242 4030 270 4080 et
291 4022 326 4080 de
346 4021 534 4080 sollemnitate
560 4024 594 4081 in
618 4022 776 4100 Capitale:
796 4026 837 4083 ad
856 4026 1063 4101 processionem
1084 4029 1143 4099 βαι
1164 4032 1198 4082 αι
1219 4025 1254 4082 in

66 4101 318 4174 lteminiceinfra.

66 4237 258 4343 &mss-Si
272 4239 362 4286 Fame
381 4239 505 4288 misnen
523 4242 561 4288 oet
577 4241 625 4304 eja
644 4242 729 4289 Octavo
742 4251 796 4304 post
817 4243 953 4293 Trinitatem
967 4244 1074 4301 ,remoris
1089 4243 1123 4290 sio
1138 4250 1257 4289 sumantur

124 4332 260 4428 anads'e..
283 4356 399 4417 Posuisti,
409 4358 519 4406 Domino.
555 4360 580 4406 V.
597 4360 753 4407 Desiderium.

124 4414 224 4462 esan
233 4416 277 4464 doe.
308 4417 395 4465 tunm
405 4424 433 4466 ut
442 4420 527 4478 pslms.
563 4420 588 4466 V.
604 4421 644 4466 Ad
654 4422 854 4468 annuntiandum.

126 4472 253 4524 roensdts
283 4474 428 4525 natusne
464 4478 489 4526 V.
505 4479 710 4527 Potensintsrrs.
