2804 4920
153 277 214 344 176
503 273 553 339 ra
574 273 667 340 naa
690 272 847 360 capara
869 272 1004 341 esraa

207 441 266 500 Por
289 440 497 500 hebdomadam
518 441 636 499 dicatio
659 439 756 499 Missa
775 439 810 500 do
831 439 975 501 Pristim
995 450 1030 500 at
1050 461 1143 519 sopra
1162 441 1198 502 ia
1217 442 1278 515 dia,
1291 462 1360 501 cam

210 602 260 660 Ad
274 601 442 662 Corinthios
454 602 491 677 (2
511 602 575 660 aiii.
593 602 656 681 13).

208 683 345 742 Fratres:
380 683 486 741 Gratia
513 683 637 741 Domini
662 684 757 740 nostri
783 683 859 742 Jesu
887 683 1010 755 Christi,
1036 692 1068 743 et
1094 686 1203 743 aaritm
1232 685 1302 758 Dei,
1327 694 1358 745 et

146 764 372 825 eommuniaatio
396 764 497 823 Sancti
517 764 646 841 Spiritus
658 764 699 822 sit
711 784 779 822 oum
792 764 930 823 omnibus
949 765 1043 838 vobis,
1064 765 1105 824 In
1127 765 1252 825 Christo
1270 768 1356 839 Jesu,

150 846 279 904 Domino
293 852 401 904 nostro.

207 938 279 998 Atia
291 938 432 1014 Epistola.
473 937 527 996 Ad
538 936 686 996 Romanoa
698 936 754 1013 (xi.
772 937 888 1014 3336).

208 1020 234 1079 Ο
248 1019 376 1078 altitudo
389 1019 561 1077 divitiarum
576 1019 727 1095 sapientiae
741 1024 772 1076 et
784 1019 915 1077 seientia
929 1018 1006 1078 Dei!
1028 1039 1118 1095 quam
1131 1019 1353 1097 incomprehen-

146 1101 244 1159 sibilia
256 1100 445 1177 suntjudicia
458 1099 532 1176 Ejus
546 1106 577 1158 et
593 1099 814 1176 investigabiles
828 1099 883 1156 viae
898 1100 989 1176 Ejusl
1016 1100 1091 1170 Quis
1110 1101 1192 1159 enim
1213 1103 1353 1179 cognovit

146 1201 264 1240 sensnm
288 1181 433 1239 Domini?
463 1187 516 1238 aut
537 1181 604 1256 quis
627 1180 811 1238 oonsiliarins
828 1180 902 1257 Ejus
919 1180 997 1240 fuitl
1022 1188 1076 1239 aut
1092 1182 1159 1259 quis
1172 1183 1256 1260 prior
1270 1183 1354 1242 dedit

148 1263 208 1335 Illi,
223 1270 253 1321 et
270 1262 450 1320 retribuetur
466 1262 513 1320 eil
538 1261 684 1330 Quoniam
702 1281 740 1319 ex
757 1262 837 1338 Ipso,
851 1268 883 1320 et
900 1281 953 1339 per
969 1262 1083 1340 Ipsum,
1099 1269 1131 1321 et
1143 1263 1176 1320 in
1195 1263 1268 1341 Ipso
1282 1273 1353 1323 sunt

146 1344 245 1402 omnia
257 1363 266 1416 3
290 1343 353 1421 Ipsi
366 1342 460 1419 gloria
473 1343 506 1399 in
519 1342 625 1399 saecula
638 1342 818 1400 saeculorum.

207 1425 247 1482 Et
259 1425 400 1483 dicamur
413 1423 535 1482 alternis
550 1423 667 1481 vicibus.

206 1506 247 1563 Et
266 1504 459 1580 anapeliam
479 1504 556 1563 (lum
576 1505 692 1562 venerit
711 1504 884 1576 Paraolitus,
906 1524 1002 1579 qaoere
1024 1503 1059 1564 ia
1082 1503 1246 1564 Dominiea
1266 1504 1353 1582 infra

147 1585 268 1645 Octaoas
281 1584 463 1645 detensionis
476 1583 626 1657 Domina*
639 1594 665 1643 et
679 1585 790 1643 daicar
802 1585 865 1644 siae
877 1584 1034 1660 Sequentia
1047 1593 1074 1644 et
1087 1585 1151 1645 aiae
1164 1586 1272 1646 credo.

474 1799 514 1857 In
534 1799 633 1857 Fasro
653 1815 695 1856 on
715 1798 860 1857 Oonroas
880 1797 1017 1858 Oninsn.

205 1881 386 2020 gilppplaptffls
400 1981 438 2019 ex
450 1961 536 2037 adipe
549 1960 700 2033 frumenti,
715 1959 861 2037 alleluya:
881 1966 912 2018 et
927 1960 964 2019 de
984 1966 1068 2038 petra
1087 1960 1176 2020 melle
1196 1966 1354 2024 saturavit

144 2063 201 2115 eos,
216 2043 353 2120 alleluya,
368 2041 504 2119 alleluya,
520 2040 656 2117 alleluya

208 2123 351 2181 Psalmas.
847 2144 850 2151 ·

203 2204 360 2262 Exsultate
374 2203 439 2262 Deo
452 2203 582 2280 adjutori
595 2208 711 2261 nostro:
730 2202 860 2279 jubilate
874 2202 939 2261 Deo
952 2202 1054 2262 Jacob.

204 2285 245 2341 Ja
259 2285 376 2343 dicam
391 2285 495 2360 Kyrie.
533 2283 600 2341 Rex
614 2284 764 2342 immense.

208 2364 317 2425 Oratio.

203 2446 294 2516 Deus,
316 2445 369 2522 qni
389 2445 474 2503 nobis
493 2446 548 2503 sub
569 2452 750 2502 sacramento
774 2444 904 2502 mirabili
922 2438 1146 2521 passionis'tuae
1171 2451 1351 2509 memoriam

143 2528 289 2603 reliquisti
300 2547 308 2599 3
335 2527 441 2597 tribue,
464 2545 640 2601 quaesumus,
666 2526 711 2582 ita
731 2545 784 2582 nos
808 2526 936 2601 corporis
960 2532 990 2583 et
1014 2527 1167 2602 sanguinis
1190 2531 1242 2587 tui
1265 2550 1351 2591 sacra

141 2609 282 2685 mysteria
296 2608 438 2679 venerari,
454 2615 488 2664 ut
508 2608 716 2682 redemptionis
737 2613 796 2663 tuae
817 2607 947 2664 fructum
968 2608 1000 2664 in
1020 2609 1105 2665 nobis
1121 2610 1240 2686 jugiter
1258 2616 1350 2671 senti-

141 2710 232 2747 amus.
277 2688 337 2760 Qui
350 2690 429 2746 vivis
442 2695 472 2745 et
487 2708 590 2764 regnas
604 2707 671 2745 cum
685 2688 750 2744 Deo
765 2688 863 2745 Patre.

202 2783 252 2839 Ad
266 2782 433 2842 Corinthios
446 2782 479 2857 (l
497 2783 535 2838 ai.
554 2782 668 2858 23-29).

202 2865 336 2922 Fratres:
361 2865 424 2939 Ego
445 2864 524 2919 enim
544 2862 672 2937 accepia
687 2862 816 2918 Domino
836 2861 914 2938 quod
930 2868 961 2919 et
974 2862 1084 2919 tradidi
1098 2864 1183 2922 vobis
1197 2885 1293 2942 aeque
1306 2872 1349 2927 ad

142 2946 202 3015 Qui
222 2947 303 3004 enim
323 2944 481 3002 manducat
501 2949 532 3001 et
551 2943 628 2999 bibit
649 2942 777 3019 indigne,
788 2943 936 3019 judicium
957 2943 1014 3001 sibi
1028 2945 1187 3003 manducat
1201 2954 1234 3005 et
1248 2949 1346 3009 bibit:

142 3047 200 3084 non
215 3027 380 3103 dijudicans
394 3045 498 3102 corpus
513 3023 643 3081 Domini.

144 3144 147 3151 ·
204 3107 336 3166 Gratata.

201 3187 288 3246 Oculi
308 3188 439 3245 omnium
461 3187 493 3242 in
507 3193 537 3243 te
551 3190 678 3261 sperant,
694 3184 839 3242 Domine:
860 3191 890 3242 et
903 3192 937 3242 tu
952 3185 1004 3243 dns
1020 3185 1081 3244 illis
1101 3208 1197 3246 escam
1218 3191 1252 3248 in
1273 3200 1346 3252 tem-

141 3288 210 3343 pore
223 3274 396 3344 opportuno.

148 3351 174 3406 t'.
202 3349 311 3424 Aperis
325 3355 359 3404 tn
374 3367 493 3404 manum
508 3353 608 3403 tuam:
629 3353 659 3404 et
673 3346 778 3422 imples
791 3366 877 3403 omne
891 3347 1001 3403 animal
1015 3348 1230 3411 benedictione.

199 3430 348 3505 Allelnya.
399 3428 426 3486 V.
450 3428 524 3485 Caro
546 3447 610 3483 mea
631 3447 698 3485 vere
719 3433 764 3484 est
784 3428 884 3484 cibus:
912 3433 942 3485 et
962 3430 1082 3505 sanguis
1103 3449 1186 3489 meus
1208 3453 1278 3493 vere
1299 3448 1345 3494 est

139 3518 243 3587 potus:
271 3511 323 3586 qui
340 3509 499 3566 manducat
520 3528 614 3566 meam
635 3528 761 3579 carnem,
776 3515 806 3566 et
827 3509 903 3566 bibit
923 3529 1022 3566 meum
1042 3512 1227 3588 sanguinem,
1243 3517 1274 3573 in
1296 3538 1346 3576 ma

141 3599 249 3663 manet,
264 3597 295 3647 et
308 3610 361 3666 ego
375 3590 407 3647 in
420 3609 461 3648 eo.

200 3671 362 3748 Sequentia.

501 3752 604 3808 Lauda
618 3750 689 3808 Sion
704 3751 751 3808 Sal
757 3757 894 3821 satorem,

540 3832 643 3888 Lauda
656 3833 758 3888 ducem
774 3838 804 3889 et
818 3839 964 3907 pastorem

584 3912 622 3969 In
636 3913 754 3988 hymnis
768 3920 798 3970 et
811 3913 951 3987 canticis3

500 3994 653 4063 ernntum
667 4001 750 4069 potes
765 4000 883 4050 tantum
896 3996 1001 4069 gaude,

541 4075 618 4143 Quia
632 4076 726 4149 major
739 4075 820 4131 omni
833 4075 928 4148 lande,

581 4154 645 4212 Nec
658 4155 778 4213 laudare
792 4156 907 4214 sufficis.

195 4317 207 4342 ¹
224 4314 355 4360 MS.-I‘er
375 4313 471 4359 Oetaeos
487 4325 532 4355 noa
549 4310 633 4355 dicitnr
649 4311 769 4370 Septimiis
786 4327 826 4356 arc
841 4312 926 4370 Credo,
936 4312 981 4358 nisi
995 4313 1090 4374 aliquod
1104 4315 1194 4364 Festum
1203 4320 1339 4367 &aaaron

134 4381 248 4427 occari-ca,
258 4371 477 4441 oelpoanmemoratio
486 4369 554 4438 ᾄιαεω
565 4369 655 4422 Maria,
667 4371 700 4439 ool
709 4371 788 4438 aliquo
797 4370 910 4419 sollemnia
919 4373 1038 4420 celebratt'o
1048 4374 1182 4422 celebranda
1185 4377 1272 4440 suerit,
1283 4382 1338 4441 peda

135 4440 188 4480 tnnc
197 4432 224 4480 de
236 4431 393 4492 Prinnatefiet
403 4441 511 4478 meawrta
520 4442 589 4489 usqae
599 4428 631 4474 ad
639 4429 731 4475 Feriam
741 4436 847 4490 qumana
