2804 4920
148 373 190 436 94
212 368 215 372 ’
498 367 602 434 Ferio
615 368 656 434 cu'.
673 365 716 432 in
730 367 785 433 dic
799 368 1005 437 Parasonus.
1050 406 1053 412 ·

208 534 323 613 Popula
336 555 426 609 meus,
442 535 514 613 quid
528 535 583 593 feci
597 535 663 607 tibi,
677 540 730 593 aut
744 536 774 593 in
789 555 849 612 quo
862 537 1037 595 contristavi
1049 544 1081 597 te
1081 537 1249 617 ,responde
1265 537 1360 613 mihi3

147 617 218 694 quin
231 617 322 674 eduxi
336 624 365 674 te
379 617 415 675 de
429 624 509 674 terra
522 617 657 711 AEgypti,
673 617 784 693 parasti
797 637 913 676 crucem
927 617 1069 676 salvatori
1081 630 1142 680 tuo.
1295 648 1299 653 ·

208 698 273 755 Alii
285 699 375 771 duos
362 719 396 756 an
410 697 502 775 Cupis
515 698 610 774 nipe-is
623 699 658 755 de
670 698 769 770 seruo,
785 707 893 757 stantes
905 699 940 757 in
952 701 1046 759 nudie
1060 700 1141 760 chori
1140 701 1359 778 ,respoerdcnnt

149 779 264 837 scilicet.

210 861 305 936 Agios
319 860 345 919 Ο
360 861 464 931 Theos,
479 860 574 936 Agios
587 859 719 935 Islryros,
734 860 828 936 Agios
844 860 1025 934 Athnnntos
1039 862 1159 938 eleyson
1172 882 1265 940 ymas

212 941 327 999 Cleonis
340 941 490 999 hurnilitsr
502 941 537 998 in
552 950 660 998 terram
675 950 845 1016 prostratus
858 944 1036 1018 respoudeat,
1051 944 1157 1003 scilicet
1166 966 1178 1014 ,·

212 1022 338 1080 Sanctus
352 1022 444 1093 Deus,
458 1029 576 1080 sauctus
589 1021 684 1094 fortis,
699 1030 817 1080 sanctus
831 1029 862 1080 et
874 1024 1059 1097 immortalis,
1074 1025 1213 1084 miserere
1225 1024 1321 1083 nobis.

211 1101 233 1160 I
232 1112 287 1161 lem
300 1104 359 1161 duo
374 1103 538 1179 Presbyteri
549 1112 664 1161 content
685 1104 808 1161 Versum.

213 1184 290 1253 Quia
303 1185 393 1243 eduxi
408 1191 438 1242 te
452 1204 505 1260 per
517 1185 666 1242 desertum
680 1185 877 1260 quadraginta
890 1186 984 1258 annis,
998 1192 1028 1244 et
1041 1206 1151 1244 manne
1164 1186 1263 1245 cibsvi
1276 1193 1317 1261 te,
1331 1191 1360 1245 st

151 1266 306 1323 introduxi
319 1266 351 1323 in
364 1273 475 1324 terram
489 1266 561 1322 satis
574 1266 725 1342 optimam,
742 1267 852 1342 parasti
865 1286 981 1324 crucem
998 1266 1147 1325 Salvatori
1159 1274 1222 1326 tuo.

213 1346 360 1406 (lautores.

211 1428 307 1505 Agios
321 1429 347 1486 O
362 1429 468 1500 Theos,
484 1427 578 1505 Agios
592 1426 722 1503 Iskyros,
737 1426 833 1504 Agios
849 1428 1027 1503 Athanntos,
1043 1430 1162 1506 eleyson
1174 1449 1267 1507 ymas.

213 1508 335 1567 Chorus.

168 1625 169 1629 κ
215 1592 342 1650 Sanctus
356 1589 448 1661 Deus,
462 1595 581 1647 sanctus
594 1588 687 1661 fortis
703 1594 821 1646 sanctus
836 1596 867 1647 et
880 1590 1063 1664 immortalis,
1078 1592 1217 1651 miserere
1231 1592 1326 1652 nobis.

214 1673 289 1732 Item
303 1671 473 1745 Presbyteri.

214 1753 294 1825 Quid
316 1754 395 1810 ultra
414 1752 503 1809 debui
523 1752 616 1809 facere
636 1751 700 1823 tibi,
722 1757 752 1808 et
773 1771 833 1809 non
854 1751 929 1811 fecil
949 1773 1002 1831 ego
1022 1754 1141 1830 quidem
1162 1754 1301 1832 plantavi
1321 1760 1359 1828 te,

153 1836 270 1894 vineam
292 1853 386 1892 meam
407 1833 657 1909 speciosissimam,
680 1839 711 1889 et
732 1838 766 1889 tu
787 1833 867 1890 sacta
886 1854 916 1891 es
937 1834 1011 1891 mihi
1031 1835 1120 1893 nimis
1137 1854 1257 1909 smarn;
1279 1843 1362 1895 aceto

153 1936 281 1993 namque
301 1935 368 1973 cum
388 1913 456 1972 folle
476 1915 572 1970 mixto
592 1914 674 1971 sitim
695 1933 791 1971 meam
811 1916 929 1991 potasti,
945 1923 977 1973 et
990 1915 1091 1974 lancea
1110 1917 1271 1993 perforasti
1284 1917 1362 1976 istus

155 1997 305 2058 Salvatori
318 2003 379 2054 tuo.

217 2079 359 2139 Centoras

214 2161 310 2236 Agios
324 2159 350 2215 Ο
365 2157 468 2226 Theos
483 2156 577 2233 Agios
590 2155 720 2232 Idyros,
735 2156 830 2233 Agios
843 2157 1021 2232 Athanntos,
1037 2158 1156 2236 eleyson
1167 2179 1262 2237 ymas.

217 2241 339 2300 own-us

217 2322 342 2379 Sanctus
357 2318 447 2388 Deus,
463 2323 581 2375 sanctus
594 2317 688 2389 fortis,
704 2324 823 2376 sanctus
837 2325 868 2376 et
880 2319 1065 2392 immortalis,
1081 2320 1220 2380 miserere
1233 2322 1332 2382 nobis.

216 2402 281 2459 Hoc
294 2400 394 2476 finito,
412 2399 573 2474 Episcopus
589 2400 723 2456 accedens
740 2409 766 2456 et
789 2399 911 2458 Omnem
934 2421 1001 2459 cuno
1024 2401 1124 2460 baculo
1146 2403 1363 2480 discoopmens,

157 2485 219 2543 alta
240 2502 304 2540 uoce
328 2481 407 2538 dicat
429 2479 631 2555 Antiphonem
654 2480 729 2537 Ecce
753 2480 867 2556 lignum
889 2483 999 2555 crucis,
1016 2484 1048 2540 in
1072 2502 1132 2559 quo
1156 2484 1237 2543 salus
1258 2485 1365 2544 mundi

156 2564 316 2644 pependit:
337 2561 445 2631 venite,
461 2561 621 2617 adoremus.
665 2561 740 2617 Fine
755 2570 837 2619 tenus
852 2561 890 2620 Ol
887 2583 973 2621 corus.

218 2643 395 2720 Antiplrorw.
440 2643 514 2699 Ecce
528 2642 649 2718 lignum.

218 2728 266 2784 Ps.
311 2725 393 2782 Deus
407 2724 581 2780 miserentur
594 2723 695 2779 nostri.

217 2807 394 2882 Antiphone.
440 2805 513 2861 Ecce
528 2804 649 2879 lignum

218 2891 377 2964 Idepetntur
404 2885 574 2960 Antiphone
597 2886 638 2941 ud
662 2904 895 2960 ursrnnqucmqus
922 2906 1035 2945 uernam
1056 2888 1178 2947 Psalmi.
1235 2888 1368 2949 Interim

158 2972 319 3064 Episcopus
332 2967 409 3026 solus
422 2976 554 3024 sarnum
569 2965 689 3025 Crucem
703 2967 873 3023 deosculans
886 2969 992 3025 odoret.
1036 2969 1150 3028 Deinde
1163 2970 1325 3029 Presbiteri
1341 2980 1368 3029 et

158 3053 242 3110 ceteri
261 3071 315 3126 per
338 3049 470 3105 ordirurn
492 3048 569 3104 idern
588 3046 718 3120 finiunt,
743 3046 838 3104 Olore
860 3057 994 3108 coenante
1015 3051 1092 3108 alias
1114 3061 1262 3127 sequentes
1283 3053 1369 3110 Anti·

155 3133 279 3208 phonas,
294 3130 406 3200 scilicet,

220 3213 289 3268 Ant.
332 3210 427 3267 Tuam
448 3228 562 3265 crucem
583 3208 747 3280 adoramrm,
765 3209 902 3281 Domino,
918 3216 948 3267 et
966 3218 1098 3269 sanctem
1118 3215 1367 3273 resurrectionem

160 3300 242 3350 tunm
256 3290 408 3348 laudamus
419 3296 449 3346 et
459 3289 672 3365 glorificamus3
687 3309 751 3346 cccc
765 3291 843 3347 enim
859 3299 979 3368 propter
996 3313 1111 3352 crucem
1125 3297 1209 3355 venit
1220 3296 1368 3373 gaudium

161 3375 193 3431 in
207 3374 345 3430 universo
359 3370 476 3427 mundo.

222 3464 402 3541 Arctiplronu.
440 3464 522 3521 Crux
537 3463 652 3519 fidelis
644 3471 723 3520 mter
737 3483 837 3521 omnes

564 3545 650 3600 arbor
664 3565 724 3601 una
738 3546 862 3619 nobilis3

525 3625 619 3682 Nulla
632 3626 715 3700 sylva
728 3626 818 3682 talem
832 3627 944 3703 profert

565 3707 675 3777 fronde,
693 3708 772 3778 flore,
786 3709 935 3783 germine3

526 3787 621 3844 Dulce
635 3788 758 3863 lignum,
773 3789 871 3846 dulces
885 3790 991 3865 clevos,

566 3868 649 3925 dulce
663 3870 777 3944 pondus
791 3872 923 3928 sustinet

318 4002 465 4076 Hymnus.
528 3999 637 4075 Pange,
654 4000 763 4076 lingua,
778 4001 898 4076 gloriosi

569 4082 702 4155 praelium
715 4084 892 4155 certaminis,

528 4161 569 4218 Et
582 4181 669 4236 super
683 4163 776 4219 crucis
790 4164 953 4240 trophaeum

569 4242 616 4299 dic
629 4243 814 4318 triumphum
829 4246 966 4317 nobilem,

531 4323 666 4392 Qualiter
680 4323 862 4400 Redemptor
876 4327 954 4384 orbis

569 4406 738 4462 immolatus
752 4407 862 4464 vicerit.

227 4503 369 4579 Repetunt
381 4498 589 4574 Antiphonem.
635 4497 717 4555 Crux
731 4499 832 4557 fidelis.
