2806 4920
183 284 246 348 234
632 277 731 383 Veste
748 277 931 343 Jaeuerii.

246 445 355 505 Oratio.

244 528 335 600 Deus,
350 527 402 603 qui
415 527 586 584 universum
600 525 745 585 mundum
765 526 847 584 besti
867 525 956 584 Pauli
975 526 1102 604 apostoli
1114 525 1164 584 tui
1176 527 1366 604 pmdicsticue

182 608 329 680 docuisti3
349 609 387 665 de
403 608 496 678 nobis,
512 627 687 683 quaesumus,
704 614 739 665 ut
757 608 810 684 qui
823 609 888 684 ejus
907 607 996 666 hodie
1015 607 1241 667 conversionem
1252 607 1363 671 eclimus

184 709 237 768 per
250 691 315 765 ejus
327 689 364 745 ad
379 696 409 745 te
422 690 558 765 exemplu
570 688 747 764 gruelismur.
790 689 849 747 Per
863 688 1035 747 Dominum.

245 771 389 828 Memoria
402 770 549 828 desumto
562 769 700 846 Prcq'ecto
713 778 850 845 martyre,
864 790 959 844 quoere
972 769 1065 845 infru.

244 851 341 909 Lectio
353 851 482 909 Astura-m
495 850 702 926 Apostolorum
711 851 767 927 (ie.
786 850 882 927 1-22).

245 932 284 989 In
305 931 409 988 <liebus
432 931 501 1003 illis,
525 931 632 989 Suulus
653 931 750 990 adhuc
771 931 886 1008 spirans
908 953 999 1007 usquc
1018 933 1061 990 ud
1080 932 1233 993 affirmans
1245 931 1360 1009 queuis!

184 1014 233 1072 hic
246 1019 292 1070 est
305 1012 449 1071 Christus.

247 1092 382 1153 Gradule.

245 1176 305 1245 Qui
326 1180 464 1252 opemtus
485 1181 530 1232 est
552 1174 642 1232 Petro
664 1175 697 1231 in
718 1174 925 1250 apostolatum,
948 1183 1086 1252 operatus
1108 1183 1154 1233 est
1175 1181 1207 1233 et
1220 1174 1291 1232 mihi
1301 1173 1359 1231 inter

184 1264 303 1334 gentes:
324 1263 355 1313 et
368 1261 570 1332 coguoverunt
583 1256 710 1332 gretiam
723 1255 790 1327 Dei,
805 1276 871 1331 quae
886 1256 956 1314 datu
968 1263 1013 1314 est
1027 1256 1108 1314 mihi.

252 1337 281 1397 V.
304 1335 409 1395 Gratis
423 1337 481 1393 Die
494 1337 528 1393 in
541 1356 588 1394 ms
601 1356 695 1394 vueuu
707 1355 768 1394 non
781 1336 840 1394 suit
855 1358 862 1395 :
883 1337 934 1394 sed
954 1337 1052 1413 grstia
1073 1338 1140 1413 ejus
1161 1356 1275 1414 semper
1288 1335 1314 1393 in
1325 1352 1358 1390 ur
1393 1342 1395 1349 '

185 1424 295 1478 manet.

225 1499 374 1575 Alleluye.
423 1497 453 1557 V.
476 1496 605 1575 Magnus
630 1498 744 1586 J'aulus
764 1519 817 1557 vas
836 1498 988 1557 electionis
1002 1520 1009 1558 :
1033 1519 1103 1557 vere
1123 1499 1214 1578 digne
1233 1506 1276 1557 cst
1293 1495 1358 1573 glori·

186 1581 326 1639 fieandus.

252 1661 299 1719 Vel
313 1661 444 1718 Tractus.

247 1742 293 1799 Tu
315 1762 346 1799 es
366 1760 418 1798 ves
439 1740 599 1813 electionis,
622 1748 723 1800 sancte
745 1742 837 1800 Paule
860 1742 1004 1818 Apostole
1019 1763 1027 1814 ;
1050 1763 1119 1801 vere
1132 1742 1222 1820 digne
1235 1762 1265 1801 cs
1275 1738 1356 1819 glorifi-

187 1823 307 1881 candus.

192 1903 222 1963 V.
246 1903 426 1962 Praedicatcr
440 1903 582 1975 veritatis,
597 1911 629 1961 et
642 1904 744 1961 doctor
756 1905 891 1982 gentium
903 1906 937 1963 iu
950 1905 1007 1963 fide
1020 1911 1052 1963 et
1065 1905 1199 1963 veritate.

192 1985 222 2043 V.
246 1986 304 2043 Per
317 1992 348 2042 te
361 2004 462 2043 omnes
474 1991 576 2061 gentes
589 1992 790 2062 cognoverunt
802 1987 929 2065 gretiam
942 1987 1009 2045 Dei.

195 2066 225 2126 V.
248 2066 402 2125 Intemede
416 2086 469 2142 pro
490 2067 574 2124 nobis
588 2067 625 2124 ed
639 2066 803 2124 Dominum
816 2068 869 2143 qui
882 2074 913 2126 te
926 2067 1022 2146 elegit.

248 2148 413 2223 sequeutia.

350 2228 539 2286 Sollemnitas
552 2228 647 2287 sancti
660 2227 747 2286 Pauli
761 2228 867 2287 devote
880 2236 925 2287 est
938 2228 1100 2301 recolende,

350 2310 446 2379 Quem
460 2309 607 2367 Dominus
620 2317 705 2367 tenta
718 2310 829 2368 ‹litssit
840 2311 946 2386 gretie

350 2389 398 2449 Ut
410 2389 513 2447 docter
525 2390 660 2466 gentium
673 2391 711 2449 sb
727 2391 810 2448 omni
822 2398 944 2450 vocetur
957 2391 1107 2449 Ecclesia:

349 2471 457 2547 Agnus
471 2471 507 2529 de
521 2472 590 2547 lupo
604 2493 610 2529 :
631 2472 668 2529 de
680 2479 865 2548 persecutore
878 2472 1077 2548 Evangelists.
1343 2535 1348 2547 ¹

350 2551 471 2609 Mutata
483 2559 554 2609 sunl
567 2573 663 2629 opere,
679 2560 813 2610 mutetur
826 2560 857 2611 et
870 2573 976 2612 onoma
989 2575 995 2610 :
1017 2552 1128 2610 Paulus
1144 2552 1307 2615 nominatim
1316 2557 1348 2616 qu

472 2633 579 2691 Saulus
593 2641 663 2690 ente
676 2635 773 2691 dietus
787 2634 891 2693 rueme.

351 2713 516 2792 Insligetus
530 2715 608 2772 furia
617 2715 715 2773 dirum
727 2716 809 2773 virus
822 2716 955 2774 efflabat:
977 2722 1074 2792 strage
1084 2715 1241 2772 saevssima
1254 2704 1348 2768 membrl

473 2796 586 2853 Christi
599 2797 722 2853 seviens
736 2798 900 2873 torquebat.

352 2878 421 2934 Lux
435 2877 562 2934 {etherea
575 2898 663 2953 quem
677 2878 904 2955 circumfulgens
914 2879 979 2935 visu
995 2877 1103 2955 privet,

351 2959 544 3035 Spiritualem
558 2959 608 3015 sed
622 2959 650 3015 ei
663 2959 808 3016 intuitum
820 2960 913 3017 donst
928 2981 934 3016 :

351 3040 531 3116 colaphizat,
546 3059 583 3096 ne
597 3041 747 3116 superbiat
761 3062 767 3097 :
787 3041 895 3099 sternit
908 3060 984 3111 eum,
1000 3040 1051 3098 sed
1065 3046 1199 3098 ruentem
1212 3036 1319 3096 relevat:

351 3122 508 3195 Dejeetum
522 3122 674 3198 increpet:
694 3123 848 3198 increpans
862 3121 1019 3181 emendat:

352 3202 437 3259 Fidei
450 3202 615 3261 doctrinam
629 3204 830 3261 commendat:

352 3283 544 3342 Defensorem
559 3285 695 3341 Ecclesiae
709 3284 835 3355 ordinet,

352 3364 548 3440 Impugnator
561 3367 613 3442 qui
627 3366 709 3442 prius
723 3367 897 3423 exstiteret:

353 3446 471 3503 Secreta
484 3448 606 3521 mystica

354 3525 493 3583 credensi
507 3528 626 3599 revelet,

353 3608 426 3677 Quae
441 3606 554 3664 homiui
567 3608 649 3685 loqui
662 3628 723 3666 nen
737 3610 852 3666 licebat.

353 3688 442 3746 Prius
455 3709 603 3766 synagoge
616 3710 704 3766 quem
718 3691 901 3761 educaveiut,

354 3769 558 3827 Posemodum
572 3773 691 3828 laetstur
704 3778 800 3828 mater
815 3771 952 3828 Ecclesia.

353 3852 498 3927 Mysi-elie
511 3873 576 3928 quae
590 3859 722 3921 nesciui,
738 3873 789 3929 per
802 3860 900 3910 totum
914 3853 977 3908 iens
991 3852 1090 3909 orbem
1105 3850 1249 3926 predicet

353 3933 447 3990 Venit
462 3933 608 3992 Romam:
630 3935 726 3991 Deum
742 3954 834 3990 unum
848 3933 1028 3990 aununtiet-t

353 4013 435 4071 Nero
449 4015 568 4088 resistit,
584 4016 636 4092 qui
649 4015 763 4074 colebat
776 4015 870 4077 idolsz

353 4094 453 4153 Moree
467 4096 532 4154 dira

353 4176 445 4234 Illum
459 4186 544 4235 necet
559 4201 565 4236 :

352 4257 468 4315 Mundo
482 4266 652 4334 exemptum
667 4259 763 4316 mittis
776 4258 813 4316 ad
828 4265 927 4316 usim:

353 4339 420 4408 Quo
434 4358 487 4395 nos
501 4339 584 4395 Deus
598 4340 762 4397 miserande
776 4341 924 4417 periisse,

353 4420 485 4494 Adjucos
498 4439 584 4497 precs
598 4420 686 4478 Pauli
699 4429 806 4479 sancte.
850 4420 999 4497 Alleluyu.
