2804 4920
230 325 279 390 Ia
300 325 424 393 Natali
444 326 556 393 unicas
578 327 781 414 Ooafeeeoris
801 334 832 392 et
852 324 1039 412 Pontificio.
1089 326 1092 333 '
1171 328 1235 394 387

30 493 178 550 virtutem
193 493 262 566 Dei,
275 492 329 570 qui
348 493 419 551 fecit
438 493 592 552 nobiscum
615 494 776 552 secundum
799 515 883 552 suam
897 494 1133 553 misericordiam.
1176 493 1236 563 Qui

31 573 87 632 det
107 574 193 632 nobis
209 574 428 651 jocunditatem
449 575 553 648 cordis,
569 582 600 634 et
614 576 678 634 fieri
691 596 792 654 pecmn
806 577 838 633 in
851 576 955 634 diebus
975 576 1084 633 nostris
1097 576 1130 632 in
1143 573 1236 632 Israel

34 675 89 731 per
101 655 165 712 dies
178 655 380 732 sempiternos

95 735 194 794 tectio
208 736 277 794 libri
289 735 449 813 Sapientem
462 739 507 813 (c.
527 738 642 815 10-14).

94 816 116 875 J
119 824 220 875 ustum
237 817 363 875 deduxit
380 817 529 875 Dominus
549 838 639 895 usque
659 820 700 877 ed
720 827 751 876 ct
765 818 847 878 dedit
860 819 905 876 illi
918 819 1083 876 claritatem
1097 826 1238 876 aternam

37 897 185 956 Dominus
201 898 282 956 Deus
295 905 401 956 noster.

96 978 196 1037 Lectio
209 978 279 1038 libri
291 978 451 1056 Sapientia
463 978 593 1056 (Bodas.
609 980 664 1038 ale.
683 981 756 1058 1-6).

97 1059 236 1118 Dilectus
250 1060 314 1118 Deo
328 1068 359 1118 et
376 1061 554 1134 hominihus,
568 1063 653 1138 cujus
671 1061 813 1121 memoria
823 1062 855 1120 in
873 1062 1079 1120 benedictione
1091 1067 1137 1119 est
1150 1081 1240 1137 usquc

37 1142 78 1198 od
90 1151 122 1199 et
136 1140 230 1217 legem
244 1141 313 1198 vitu
327 1148 359 1199 et
371 1140 541 1218 disciplinae.

99 1222 149 1279 Ad
163 1222 299 1280 Hebraeos
311 1223 391 1292 (eiii.
410 1224 456 1280 1-5
458 1223 483 1301 )

99 1302 237 1361 Fratres:
257 1303 412 1361 Habemus
429 1303 599 1380 pontificem
619 1325 710 1380 usqne
734 1306 775 1362 ad
795 1304 875 1382 quod
895 1305 953 1362 tibi
974 1311 1122 1363 ostensum
1141 1309 1187 1361 est
1208 1303 1241 1359 in

38 1392 148 1442 monte

99 1464 255 1684 {aldid}
268 1565 366 1604 coram
380 1546 454 1619 Deo,
469 1556 609 1623 utsupra
622 1546 656 1604 in
670 1545 826 1607 Communi
837 1549 930 1606 nnius
942 1548 1089 1624 ntartyris.

101 1627 204 1767 Ιξῖκῗίεἴ
219 1670 363 1804 [lominus
383 1707 604 1781 consessionem,
618 1729 713 1784 qnoere
729 1710 764 1767 in
782 1708 938 1769 Communi
960 1710 1053 1768 acius
1075 1707 1244 1785 confessoris

41 1793 267 2008 Μξρῖεἴῖἕε
288 1869 309 1927 J
312 1875 396 1926 ustus
409 1889 558 1928 corsuum
572 1870 679 1941 tradet,
692 1892 788 1946 quiere
801 1872 835 1929 in
849 1871 1007 1930 Communi
1019 1872 1112 1929 unias
1124 1871 1241 1929 abbotie.

127 1951 205 2027 pisto
238 1998 244 2011 .

106 2274 181 2333 Ecce
194 2238 330 2332 sacerdos
343 2293 485 2350 magnus:
506 2275 605 2351 quiin
619 2275 724 2333 diebus
737 2275 798 2334 suis
811 2276 923 2353 placuit
936 2277 1008 2334 Deo.

59 2352 86 2412 V.
106 2355 176 2414 Non
190 2361 237 2414 est
250 2355 391 2413 inventus
405 2355 512 2413 similis
524 2354 583 2415 illi:
604 2357 655 2432 qui
670 2360 856 2416 conservaret
869 2357 963 2435 legem
977 2356 1102 2416 Excelsi

106 2435 245 2588 gffl,
266 2515 435 2593 prevenisti
458 2537 527 2574 eum
548 2517 580 2574 in
601 2517 855 2577 benedictionibus
873 2519 1049 2578 dulcedinis:
1069 2518 1195 2596 posuisti
1215 2519 1247 2575 in

54 2598 141 2673 capite
153 2599 219 2675 ejus
233 2615 371 2656 coronam
386 2597 423 2655 de
436 2597 534 2675 lapide
547 2599 683 2674 pretioso.

57 2674 209 2817 ⁸vallitem
226 2678 316 2755 petiit
332 2697 351 2735 a
368 2684 407 2749 te,
425 2685 456 2737 et
473 2679 606 2737 tribuisti
624 2680 671 2738 ei:
693 2680 908 2758 longitudinem
924 2681 1040 2745 dierum
1053 2681 1087 2737 in
1106 2679 1246 2738 saeculum

109 2920 231 2980 duravit
249 2921 398 2980 Dominus
416 2928 447 2979 et
460 2941 520 2979 non
541 2923 696 2998 paenitebit
709 2943 790 2980 eum:
812 2930 847 2981 tu
860 2943 892 2982 es
909 2922 1041 2981 sacerdos
1054 2922 1086 2980 in
1102 2930 1246 2981 aternum

59 3003 208 3061 *mudum
221 3003 357 3061 ordinem
371 3001 594 3062 Melchisedech.

65 3074 88 3135 l'·
108 3082 196 3142 Dixit
209 3083 358 3142 Dominus
372 3083 501 3142 Domino
515 3104 597 3141 mco:
627 3084 693 3143 sede
707 3105 724 3143 a
738 3085 852 3156 dextris
865 3085 946 3144 meis

111 3245 219 3305 Inveni
243 3244 344 3304 David
363 3265 482 3303 servum
502 3266 610 3316 meum,
632 3245 696 3304 oleo
716 3253 818 3304 sancto
838 3246 914 3304 unxi
933 3267 1011 3319 eum,
1040 3267 1145 3306 manus
1168 3246 1247 3303 enim

55 3332 116 3384 mee
127 3327 322 3385 auxiliabitur
335 3326 377 3384 ei:
396 3334 427 3384 et
441 3327 593 3386 brachium
608 3347 704 3385 moiun
720 3328 906 3386 confirmabit
919 3349 995 3387 eum.

59 3394 86 3457 V·
111 3407 197 3468 Nihil
210 3408 345 3485 proficiet
358 3407 496 3465 inimicus
510 3409 541 3465 in
555 3428 604 3466 eo:
625 3415 656 3466 et
669 3408 748 3466 iilius
762 3409 931 3486 iniquitatis
944 3429 1005 3469 non
1019 3409 1138 3468 nocebit
1150 3428 1227 3467 eum.

48 3569 282 3708 eunsoehrdom
319 3571 384 3646 ejus
414 3569 541 3627 induent
577 3569 723 3629 salutare:
758 3578 789 3629 et
823 3573 919 3630 sancti
952 3574 1017 3649 ojus
1051 3572 1249 3630 exsultatione

135 3659 165 3708 ta
187 3657 251 3710 unt

53 3714 83 3777 ν·
109 3730 359 3872 {lapidum
373 3751 464 3789 cornu
478 3731 590 3790 David:
612 3733 714 3809 paravi
728 3735 879 3792 lucernam
894 3735 1014 3793 Christo
1027 3755 1100 3793 mco.

114 3892 155 3951 Oa
168 3894 247 3971 justi
260 3892 456 3952 meditabitur
469 3894 657 3970 sapientiam:
678 3903 709 3952 et
723 3895 824 3972 lingua
839 3898 902 3973 ejus
916 3897 1054 3973 loquetur
1063 3899 1217 3975 judicium

54 3954 85 4020 V·
111 3972 174 4033 Iex
186 3974 246 4034 Dei
259 3976 324 4051 ojus
335 3975 366 4032 in
379 3975 466 4033 corde
480 3976 588 4051 ipsius:
610 3985 641 4032 et
654 3997 714 4034 non
724 3977 995 4053 arrpplantabuutur
1008 3999 1123 4056 gressus
1137 3982 1207 4057 ejus

113 4056 260 4134 Alleluya.
311 4056 339 4113 1⁷.
354 4055 463 4114 Justus
472 4057 650 4133 germinabit
663 4058 740 4116 sicut
753 4059 866 4117 lilium:
888 4066 918 4116 at
932 4059 1047 4118 florebit
1061 4060 1093 4117 in
1107 4070 1251 4119 aternum

49 4134 125 4194 Μὴ
136 4135 307 4196 Douriuum.

50 4296 88 4343 m
116 4216 261 4296 Alleluya.
311 4217 339 4278 V.
363 4218 471 4276 Inveni
494 4218 594 4277 David
611 4239 729 4278 servum
753 4241 868 4279 meum:
889 4221 952 4279 oleo
974 4229 1075 4281 sancto
1091 4242 1158 4282 meo
1177 4224 1255 4281 unxi

90 4308 262 4458 ¹¹¹'Alleluya
312 4378 341 4440 V.
379 4370 519 4450 Posuisti,
542 4381 681 4456 Domina
710 4401 798 4459 super
825 4390 913 4462 caput
941 4386 1021 4461 ojus:
1054 4405 1189 4446 coronam
1217 4388 1254 4445 de

47 4436 297 4539 hommem.
