2804 4920
568 326 665 391 ruta
686 324 792 390 [καί.
1167 306 1169 310 ’
1224 328 1284 388 281

142 491 264 550 Secreta.

142 572 272 650 Suscipe,
300 574 438 647 Domine,
460 593 559 651 preces
579 580 696 632 nostras
715 580 747 631 et
770 592 903 646 mrmera,
928 579 960 630 et
984 578 1020 630 ut
1040 579 1095 629 tuo
1114 572 1176 630 sint
1196 571 1288 645 digna

82 655 262 729 conspectui,
293 663 462 713 sanctorum
490 662 656 732 martyrem
684 661 805 712 tuorum
832 655 969 732 precibus
997 653 1181 731 adjuvemur.
1229 652 1287 711 Per

83 733 257 792 Dominum.

143 814 216 873 Alio
229 816 372 875 Secreta*

143 896 259 954 Munus
280 897 358 974 quod
382 897 440 955 tibi
461 897 619 970 offerimus,
639 897 777 968 Domine,
792 915 968 974 quaesumus,
987 900 1140 974 gratanter
1163 896 1285 973 suscipe,

82 984 111 1034 et
125 977 307 1055 suffragante
322 979 401 1037 beati
423 978 595 1036 confessoris
615 979 661 1035 tui
676 984 766 1054 atquo
786 979 933 1035 antistitis
953 977 1171 1050 intercessione,
1186 996 1288 1035 omues

83 1066 253 1115 nostrorum
279 1079 375 1117 nexus
401 1059 603 1136 peccaminum
629 1059 734 1130 solvat,
757 1077 791 1117 ac
818 1059 933 1117 luorum
961 1058 1174 1135 sempiternum
1202 1058 1287 1115 nobis

83 1140 225 1214 acquirat.
269 1140 335 1197 Per.

144 1220 388 1279 postcommunio.

141 1300 282 1378 Corporis
308 1303 383 1359 sacri
411 1308 441 1360 ct
468 1301 590 1379 pretiosi
624 1302 777 1378 sanguinis
804 1301 911 1378 repleti
937 1300 1080 1359 libamine
1107 1319 1284 1377 quaesumus,

84 1379 212 1439 Domine
226 1381 309 1440 Deus
322 1390 432 1456 noster,
448 1390 483 1439 ut
496 1382 576 1460 quod
589 1383 640 1459 pia
653 1383 811 1441 devotione
831 1383 969 1460 gerimus,
984 1388 1066 1440 certa
1081 1381 1286 1458 redemptione

85 1463 241 1539 sapiamus.
285 1463 344 1521 Per
357 1464 531 1522 Dominum.
880 1490 885 1499 ·

141 1555 215 1613 Alia
227 1556 491 1616 Postcommunio.†

140 1637 236 1708 Deus,
248 1639 300 1713 qui
311 1658 364 1714 per
373 1644 507 1695 sanctum
522 1637 714 1695 consessorem
728 1644 815 1694 tuum
828 1643 918 1713 atque
927 1635 1094 1694 antistitem
1106 1634 1287 1696 Swithinum

83 1716 209 1775 mederis
227 1717 418 1796 languoribus
428 1719 639 1791 infirmorum,
659 1718 784 1776 concede
801 1737 854 1794 per
869 1725 956 1776 tuum
975 1717 1152 1794 adjuvamen
1173 1723 1204 1775 et
1223 1718 1287 1793 ejus

82 1797 290 1857 intercessione
314 1800 468 1876 praesentis
495 1800 565 1857 vitae
592 1799 676 1876 fungi
703 1799 878 1857 salubritate
902 1806 933 1857 et
957 1798 1067 1856 civium
1092 1817 1287 1875 supernorum

82 1880 229 1938 societate.
273 1880 339 1938 Per.

580 2012 709 2081 Qussrs
730 2028 793 2070 ms.

143 2137 287 2213 Epistol.
330 2137 402 2195 Jam
415 2138 569 2195 nonestis.

147 2217 283 2276 Gradolo.
327 2218 366 2276 In
380 2239 498 2276 omnam
511 2225 629 2276 terram

90 2298 121 2357 V.
148 2298 222 2357 Caeli
235 2305 383 2359 enarrant

147 2379 297 2456 Alleluya.
346 2381 374 2438 V.
398 2379 658 2437 Nimishonorati.

147 2461 349 2535 momeliam.
393 2461 469 2519 Ecce
482 2480 535 2538 ego
549 2460 645 2517 mitto.

149 2540 345 2616 offertorium.
389 2541 469 2599 Mihi
483 2548 590 2598 autem.

149 2622 329 2681 Communia
373 2621 437 2700 Ego
451 2642 503 2680 ros
517 2623 600 2699 elegi.

585 2819 708 2889 Quium
728 2835 791 2876 nm.

150 2941 291 3018 ipistola.
334 2941 393 3000 Per
405 2960 511 2999 manns
524 2941 733 3018 apostolorum.

151 3022 284 3081 Gradele.
329 3023 500 3082 Constitues
513 3041 571 3093 eos,
587 3031 621 3079 ut
634 3022 668 3078 in
681 3022 734 3079 die

148 3105 297 3180 Alleluys„
345 3104 374 3163 V.
398 3104 457 3162 Per
469 3123 575 3161 manus
589 3102 798 3180 apostolorum,
815 3109 849 3159 ut
862 3120 955 3178 supro
968 3099 1002 3158 in
1015 3098 1142 3159 secunda
1155 3098 1210 3158 die.

149 3185 348 3260 Evaapeliuoa
394 3186 469 3243 Haec
482 3185 598 3243 mando.
936 3178 938 3183 ’

149 3266 345 3340 Qffertoriuas.
389 3266 568 3324 Constitues.

149 3347 331 3407 Uomrmmio.
374 3347 482 3419 Amen,
497 3347 562 3405 dico
575 3345 667 3404 vobis.

593 3535 696 3592 Ssxrs
716 3551 777 3592 nm.

144 3662 285 3740 Ephtola.
328 3663 350 3720 J
352 3683 400 3720 am
414 3682 474 3721 non
488 3663 558 3721 estis
571 3662 709 3741 hospites

147 3744 283 3802 Gradole.
327 3744 427 3802 Nimis
440 3744 584 3802 honorati.

144 3825 295 3902 Alleluya,
345 3825 373 3883 V.
397 3825 426 3883 N
429 3845 466 3883 on
481 3846 542 3895 vos,
557 3834 591 3883 ut
604 3845 697 3901 erepto
709 3825 744 3882 <in
758 3825 843 3883 tertio
856 3823 910 3883 dia

144 3906 348 3982 annqclium.
391 3905 459 3965 Hoc
473 3913 518 3964 est
530 3916 718 3983 preceptum.

146 3986 342 4061 Offertorium.
386 3988 425 4045 In
438 4007 556 4045 omnem
569 3995 688 4045 terram,

145 4068 329 4128 Communia.
373 4068 437 4127 Vos
450 4070 502 4146 qui
516 4069 617 4128 secuti.

117 4274 127 4285 ,
145 4226 159 4248 “
172 4224 366 4280 iia-Munera,
384 4237 528 4282 quesumus,
546 4223 657 4279 Domino,
674 4222 719 4267 tibi
739 4223 817 4268 (licata
838 4222 969 4277 sanctifica,
988 4225 1013 4266 ot
1032 4221 1195 4267 intercedonte
1214 4220 1285 4268 beato

82 4278 204 4328 u’'lthino
213 4284 350 4330 contessoro
360 4289 411 4341 tuo,
420 4297 463 4342 per
472 4284 554 4328 oolam
565 4296 609 4327 nos
620 4282 730 4340 placatus
740 4283 844 4327 intendo.
876 4282 929 4326 Por.

146 4354 354 4413 ssis-Praesta,
373 4368 521 4414 qumsumus,
538 4353 689 4411 omnipotens
708 4353 783 4411 Deus,
800 4358 827 4398 ut
847 4353 876 4397 do
896 4353 1014 4411 perceptis
1033 4351 1174 4397 muneribus
1193 4351 1285 4409 gratiss

82 4399 232 4519 iiffliffi’
241 4413 403 4461 intercedente
414 4414 483 4460 beato
494 4413 615 4460 Swithino
630 4411 766 4457 confessore
782 4416 832 4470 tuo,
841 4411 958 4457 bonefimo
970 4412 1064 4469 potiora
1078 4425 1206 4457 sumamus.
1238 4412 1285 4457 Par
