2804 4920
403 352 454 417 Iu
476 350 739 419 circumlatam
760 350 917 418 Domini.
1221 354 1263 419 25

116 521 267 597 Alleluya
311 519 510 577 Multifariam
533 519 604 578 olim
628 519 710 578 Deus
733 520 857 597 loquens
880 520 1015 598 patribus
1041 494 1075 578 in
1101 519 1264 599 prophetis,

75 602 216 661 ocissime
230 601 332 660 diebus
345 601 411 659 istis
424 600 541 662 locutus
554 609 599 660 est
612 601 698 660 nobis
711 601 744 658 in
758 601 837 661 Filio
850 620 912 662 suo.

116 724 411 863 Suffrsscolamus
424 804 561 881 laudibus
574 805 632 881 piis
645 805 735 881 digna
804 790 808 797 ¹

180 887 282 962 Hujus
296 886 356 943 diei
368 885 484 963 gaudia,
500 886 533 942 in
546 906 606 963 qua
618 886 705 944 nobis
718 887 772 943 lux
785 885 881 944 oritur
893 886 1068 963 gratissima,

179 967 286 1025 Noctis
298 967 403 1024 interit
415 967 533 1038 nebula,
549 973 673 1043 pereunt
687 966 781 1025 nostri
795 967 926 1025 criminis
939 966 1120 1026 umbracula.

179 1048 280 1106 Hodie
293 1046 399 1105 saeculo
414 1047 503 1104 maris
517 1047 603 1105 stella
616 1054 660 1105 est
674 1048 764 1105 enixo
777 1067 860 1105 novae
874 1048 978 1106 salutis
991 1049 1119 1126 gaudia5

180 1130 276 1199 Quem
298 1135 432 1186 tremunt
454 1127 602 1199 barathra,
616 1148 695 1187 mors
716 1134 840 1187 cruenta
860 1135 957 1207 pavet,
973 1130 1037 1207 ipsa
1049 1149 1068 1201 a
1081 1147 1140 1207 quo
1155 1127 1265 1207 peribit

260 1217 386 1267 mortua

179 1290 281 1349 Gemit
295 1298 381 1368 capta
394 1291 486 1368 pestis
499 1291 631 1368 antiqua.
645 1290 765 1349 coluber
777 1290 887 1350 lividus
901 1291 998 1368 perdit
1012 1291 1124 1368 spolia3

179 1372 281 1429 Homo
294 1371 400 1451 lapsus,
413 1372 477 1429 ovis
490 1372 628 1445 abducta,
642 1378 798 1430 revocatur
810 1372 849 1430 ad
862 1379 973 1430 aeterna
985 1373 1100 1451 gaudia

179 1452 320 1511 Gaudent
332 1454 365 1510 in
378 1453 433 1510 hac
447 1453 494 1510 die
508 1453 629 1530 agmins¹
639 1454 810 1530 angelorum
824 1453 959 1526 caelestia,

180 1534 259 1605 Quia
271 1541 335 1593 erat
349 1533 489 1592 drachma
501 1535 614 1592 decima
626 1534 751 1611 perdita,
767 1540 798 1592 ct
812 1540 856 1592 est
869 1535 999 1593 inventa.

180 1616 207 1673 Ο
222 1615 317 1691 proles
331 1616 458 1672 nimium
471 1616 566 1684 beato,
580 1635 639 1692 qua
652 1616 805 1692 redempta
818 1622 863 1673 cst
876 1623 992 1674 natura.

180 1696 272 1766 Deus,
285 1697 339 1772 qui
352 1697 463 1755 creavit
477 1697 586 1769 omnia,
601 1697 732 1754 nascitur
744 1716 782 1755 ex
797 1697 912 1754 femina.

180 1777 330 1835 Mirabilis
344 1784 452 1836 natura
464 1778 588 1836 mirifice
601 1777 715 1850 induta,
727 1797 878 1836 assumens
890 1777 970 1855 quod
983 1797 1044 1835 non
1057 1781 1131 1853 erat,
1144 1795 1266 1835 manens

282 1858 341 1916 uod
361 1865 433 1917 erat

180 1878 325 1997 Indullur
337 1946 445 1998 natura
458 1939 611 1999 Divinitas
625 1939 774 1999 humana:
795 1941 862 2017 quis
881 1939 997 1998 audivit
1015 1939 1096 2012 talia,
1111 1939 1167 2011 die,
1183 1958 1263 2018 rogo,

261 2021 363 2081 factal

180 2101 318 2172 Quaerere
331 2109 454 2160 venerat
467 2108 568 2179 pastor
581 2103 648 2179 pius
662 2102 741 2179 quod
754 2100 882 2179 perierat
895 2121 904 2162 τ

180 2182 288 2240 Induit
301 2183 424 2260 galeam,
436 2189 530 2241 certat
543 2189 580 2241 ut
593 2184 677 2241 miles
690 2189 861 2255 armatura3

180 2262 352 2322 Prostratus
366 2266 399 2321 in
412 2284 466 2321 sua
479 2264 598 2341 propria
611 2264 673 2321 ruit
688 2264 780 2322 hostis
793 2263 914 2341 spiculo,
930 2264 1107 2321 auferuntur
1120 2261 1191 2337 tela,

180 2344 220 2402 In
234 2345 343 2421 quibus
356 2344 466 2403 fidebat
480 2368 486 2404 :
507 2346 603 2403 divisa
616 2352 688 2402 sunt
700 2345 782 2403 illius
795 2345 897 2422 spolia,
913 2351 999 2422 capta
1016 2344 1116 2422 praeda
1128 2363 1189 2403 sua

180 2425 295 2484 Christi
307 2427 407 2504 praeda
420 2426 582 2484 fortissima
594 2427 672 2485 salus
688 2432 790 2484 nostra
804 2432 849 2484 est
862 2446 940 2498 vere„

181 2507 241 2578 Qui
254 2527 309 2565 nos
322 2527 468 2565 summam
481 2508 520 2566 nd
533 2508 660 2584 patriam
673 2507 763 2565 duxit
775 2515 843 2586 post
856 2507 1022 2582 victoriam,

181 2587 221 2645 In
234 2608 295 2667 qua
308 2589 365 2646 sibi
378 2589 442 2646 laus
456 2595 500 2646 est
514 2595 632 2646 aeterna.

123 2707 285 2768 Secundum
305 2710 417 2767 Lucum
437 2709 488 2783 (ii.
505 2710 569 2788 21).

123 2788 159 2848 In
180 2790 233 2848 illo
255 2796 396 2867 tempore,
420 2790 584 2867 Postquam
605 2790 802 2849 consummati
824 2795 895 2849 sunt
916 2790 979 2847 dies
1001 2795 1077 2861 octo,
1092 2793 1128 2846 ut
1143 2787 1265 2846 circum-

71 2862 207 2930 cideretur
225 2891 322 2964 puer:
352 2879 489 2929 vocatum
511 2878 556 2930 est
578 2891 686 2929 nomen
707 2873 770 2948 ejus
792 2871 889 2944 Jesus‚
905 2870 986 2949 quod
1007 2877 1146 2928 vocatum
1162 2875 1208 2929 est
1227 2871 1265 2929 ab

71 2953 171 3027 angelo,
186 2953 360 3030 priusquam
373 2953 407 3010 in
420 2959 506 3012 utero
520 2954 760 3032 conciperetur.

122 3034 223 3093 Credo.

123 3113 315 3189 Offertcrimn.
357 3115 416 3173 Tui
429 3121 500 3173 sunt
513 3115 584 3174 caeli.

120 3196 241 3255 &uem

118 3276 240 3349 Praeti,
258 3296 432 3353 quaesumus,
447 3276 584 3349 Domine,
600 3283 636 3335 ut
649 3296 702 3354 per
714 3276 777 3335 hoec
790 3296 915 3336 munera
936 3296 1001 3354 quse
1026 3276 1151 3335 Domini
1172 3275 1267 3333 nostri

71 3362 134 3416 e³³11
155 3359 271 3417 Christi
296 3377 410 3415 arcanae
440 3322 608 3416 nativitatis
635 3358 775 3435 mysterio
802 3358 939 3436 gerimus,
968 3359 1131 3437 purificata
1158 3356 1267 3415 mentis

74 3434 287 3517 telligentiam
301 3458 522 3515 consequamur
565 3439 625 3497 Per
637 3440 775 3498 eundem.

121 3520 302 3580 Communia
346 3520 498 3578 Viderunt
511 3540 620 3578 omnes.

122 3602 363 3660 Pootcommuuio.

122 3682 244 3754 Praesta,
273 3701 449 3759 quaesumus,
479 3681 665 3759 omnipotens
696 3682 787 3755 Deus,
814 3687 851 3740 ut
877 3683 955 3759 quod
984 3681 1147 3741 Salvatoris
1173 3682 1268 3740 nostri

70 3766 168 3821 *tuta
193 3762 392 3822 sollemnitate
413 3765 604 3841 percepimus,
633 3771 781 3841 perpetum
814 3763 898 3821 nobis
932 3763 1104 3822 salvationis
1136 3763 1269 3822 conferat

70 3843 246 3904 ⁵³(licinum.
291 3845 350 3902 Per
371 3845 505 3902 eundem.

124 3926 158 3984 Si
175 3947 240 3984 vero
261 3925 381 3984 Festum
402 3925 639 3984 Circumcieiouis
659 3924 817 3983 Dominicis
840 3926 997 4000 corruperit,
1024 3934 1094 3983 istuc
1115 3925 1166 3983 illo
1189 3944 1268 3982 mem>

70 4009 153 4109 lec)
175 4007 326 4065 seruitium
348 4028 398 4064 ricc
419 4008 559 4064 uwnwrio
572 4011 627 4082 fiet
645 4008 679 4064 dc
696 4006 861 4078 Dominicis,
876 4007 937 4065 uisi
931 4007 1046 4064 'Misso
1065 4015 1188 4078 mutum,
1203 4024 1268 4080 quur

70 4069 237 4147 &bratus
224 4109 259 4146 m
274 4086 435 4164 Capitulis
424 4109 456 4145 za
472 4088 586 4147 Octavia
600 4088 694 4146 carecti
706 4087 853 4163 Stephani,

129 4247 166 4308 Io
179 4250 294 4310 Octavio
306 4251 401 4309 suncti
413 4249 496 4326 Scep!
492 4251 555 4308 ιααί
569 4259 595 4309 et
614 4250 709 4309 suncti
722 4248 871 4308 Jotannie
891 4258 918 4308 et
939 4258 1107 4308 raucarum
1128 4245 1270 4307 Innocen-

69 4330 144 4386 ’47η
155 4340 178 4389 ct
190 4333 286 4391 suncti
301 4332 423 4390 Thomu.

130 4410 174 4469 Ad
186 4413 312 4472 Missam
325 4414 426 4471 omnic
438 4416 520 4488 ficut
533 4413 608 4470 sicui
621 4413 656 4470 iu
669 4413 716 4471 dic
724 4421 833 4488 proetcr
847 4411 941 4471 (iredo
954 4420 981 4470 et
994 4409 1079 4486 infra
1090 4407 1248 4471 (latrorum.

132 4491 269 4554 lienteria
280 4498 342 4570 fiat
355 4495 390 4553 dc
403 4503 505 4554 sancto
518 4495 622 4552 Morio
635 4502 662 4552 et
674 4495 709 4552 dc
722 4493 846 4553 Sanctia
