2804 4920
553 318 601 383 Io
622 317 807 384 Nartivitote
828 317 982 385 Domini.

282 487 382 545 Natus
395 486 474 544 alma
487 485 623 562 Virgine,
638 485 690 561 qui
702 490 787 544 extat
799 492 870 545 ante
884 486 1009 560 soecula3

284 568 361 626 Est
352 586 495 625 immensa
508 566 541 623 in
554 567 624 624 caelo
637 566 739 642 glorie,
753 586 813 643 pax
825 568 877 625 et
868 587 901 625 m
914 574 1003 627 terra.

285 642 335 707 Sic
348 668 417 726 ergo
431 647 494 707 caeli
507 652 625 705 caterva
637 646 779 705 altissime
789 648 909 723 jubilat,

283 730 326 788 Et
339 735 423 787 tanto
437 748 543 786 canore
557 732 656 804 crepat
669 728 730 786 alta
742 668 803 805 poli
817 691 961 788 machina

284 810 377 869 Sonat
390 816 421 868 et
434 829 488 887 pcr
500 809 599 867 omnis
612 809 688 866 hac
681 828 712 866 m
726 809 773 867 die
786 810 880 886 gloria
893 830 964 869 voce
978 810 1058 870 clara
1070 811 1196 873 reddita.

284 891 429 950 Humana
441 896 617 967 concrepent
629 897 735 947 cuncta
748 891 848 948 Deum
860 896 967 949 natum
979 893 1013 949 in
1026 898 1114 951 terra

285 972 442 1039 Contracta
455 977 526 1029 sunt
540 977 570 1029 et
583 971 706 1047 imperia
718 971 812 1030 hostis
825 972 1045 1046 crudelissima;

283 1052 352 1111 Pax
364 1053 396 1111 in
409 1060 490 1111 terra
503 1052 625 1124 reddita,
642 1072 721 1110 nunc
734 1053 874 1111 laetentur
887 1054 988 1112 omnia
1001 1054 1077 1113 Nati
1090 1073 1143 1133 per
1156 1056 1290 1132 exordia,

286 1134 373 1192 Solus
387 1135 440 1211 qui
452 1140 555 1192 tuetur
568 1133 676 1205 omnia,

287 1215 372 1273 Solus
386 1215 439 1292 qui
452 1214 585 1272 condidit
599 1215 706 1287 omnia,

283 1297 353 1374 Ipse
366 1316 419 1355 sna
432 1297 542 1374 pietate
556 1295 652 1354 solvat
665 1296 764 1353 omnia
777 1302 896 1373 peccata
909 1302 1017 1355 nostra

224 1402 392 1462 domandum
405 1401 520 1460 Lucam
533 1402 581 1477 (ii.
601 1402 628 1459 l·
631 1402 697 1477 14)

223 1485 262 1543 In
286 1484 337 1542 illo
359 1490 500 1560 tempore,
526 1482 612 1540 Exiit
634 1482 763 1540 edictum
787 1502 805 1540 a
829 1482 943 1542 Oaesare
966 1484 1106 1562 Augusto
1127 1482 1220 1560 usquc
1243 1485 1284 1545 ad
1305 1504 1355 1563 pu

163 1566 332 1624 hominibus
345 1565 429 1623 bonae
443 1563 613 1622 voluntatis.

225 1646 328 1706 Credo.

227 1726 420 1802 Offlrtorium.

225 1809 379 1866 Laetentur
392 1807 464 1880 eseli,
476 1813 507 1866 et
520 1807 635 1865 exultet
647 1813 729 1864 terra
742 1811 812 1864 ante
824 1804 930 1864 faciem
945 1806 1086 1866 Domini:
1102 1808 1246 1928 quoniam
1255 1808 1335 1868 vonit

228 1890 348 1948 Secreta.

226 1974 358 2048 Accepta
365 1964 426 2028 tibi
440 1970 487 2041 sit,
504 1969 632 2028 Domine
634 1988 827 2045 ‚‚quaesumus
844 1968 992 2027 hodiernae
1006 1923 1180 2029 festivitatis
1193 1970 1308 2043 oblatio,
1317 1974 1350 2039 ul,

165 2059 218 2111 tua
231 2053 327 2129 gratia
339 2052 489 2128 largiente,
504 2070 557 2127 per
569 2051 632 2107 haec
645 2057 827 2108 sacrosancta
841 2051 1015 2109 commercia
1027 2050 1060 2108 in
1080 2050 1192 2109 illius'
1182 2052 1351 2111 mveniamur
1393 2066 1395 2107 :

164 2133 290 2206 formas
282 2153 315 2191 ιιι
335 2152 393 2210 quo
413 2138 513 2189 tecum
534 2137 579 2190 est
602 2137 704 2189 nostra
724 2131 897 2203 substantia,
913 2131 1002 2189 Jcsus
1021 2131 1158 2190 Christus
1183 2132 1279 2192 Filius
1295 2138 1350 2191 tuus
1393 2158 1395 2163 ·

165 2179 313 2272 Domiirus
326 2220 434 2272 noster.
478 2212 538 2283 Qui
551 2219 657 2270 tecum.
1392 2168 1395 2265 l

225 2297 254 2351 l>
254 2294 376 2370 rapticio.
427 2293 506 2363 Quia
532 2313 585 2369 per
611 2293 765 2351 incarnati.
817 2292 889 2350 IIccc
910 2292 1049 2370 prosatio
1072 2294 1184 2352 diodor
1207 2296 1250 2353 ud
1274 2310 1351 2353 mssa

165 2376 276 2434 ilissas
297 2396 352 2451 per
373 2384 447 2432 totas
469 2374 598 2445 ocurras,
614 2383 640 2432 et
661 2375 729 2432 inde
751 2394 841 2448 ‘usqrcc
865 2375 906 2432 ad
927 2374 1137 2451 Epiphaniam,
1158 2384 1185 2433 et
1206 2372 1352 2435 Dominicis

165 2458 265 2515 <liebus
278 2457 314 2514 ab
330 2455 438 2514 Octava
452 2455 545 2531 Epipl
541 2456 629 2512 ιαιιίιι
649 2475 739 2530 usque
759 2456 799 2512 ad
820 2456 1060 2530 Purificotiorwm
1080 2456 1166 2514 batte
1179 2457 1294 2529 Maria,
1305 2452 1352 2514 nial

165 2537 382 2612 Ssptrzapesimc
397 2536 579 2613 processerit.
624 2536 881 2594 communicantes
894 2544 924 2594 et
937 2543 1061 2595 noctem.

226 2617 293 2676 I
248 2641 268 2676 ιι
290 2640 334 2676 suc
348 2619 443 2676 Misso
456 2618 575 2675 <dicatur
588 2617 713 2675 Sanctus
728 2639 793 2674 cum
807 2618 901 2675 Prosu
915 2617 1031 2675 Laudes
1045 2618 1081 2676 de
1095 2638 1152 2676 ore.
1190 2619 1296 2698 Agnus
1307 2612 1353 2675 Del

164 2720 231 2760 caru
245 2702 339 2758 Proca
352 2700 457 2757 Rex
434 2706 542 2757 aeterne
554 2700 664 2777 gloriae,
680 2700 728 2757 bc

227 2782 409 2841 Coruncanio.

225 2864 264 2922 In
278 2863 481 2941 splendoribus
495 2868 663 2921 sanctorum
678 2882 714 2920 ex
728 2869 814 2919 utero
828 2867 897 2918 unte
910 2860 1066 2919 luciferum
1080 2862 1170 2939 genui
1184 2868 1223 2920 te.

226 2945 467 3003 Postcommunio.

226 3027 274 3082 Da
300 3026 394 3097 nobie,
422 3045 597 3101 quaesumus,
627 3024 756 3081 Domine
785 3024 867 3080 Deus
894 3030 1001 3095 noster,
1031 3030 1067 3081 ut
1094 3024 1147 3100 qui
1178 3024 1367 3083 nativitatem

167 3106 290 3164 Domini
303 3106 398 3163 nostri
410 3106 431 3163 J
434 3126 484 3163 esu
499 3105 611 3162 Christi
624 3124 678 3161 nos
698 3104 886 3179 frequentare
905 3103 1085 3180 gaudemus:
1106 3106 1204 3182 dignis
1220 3122 1374 3164 conversa·

166 3188 296 3244 tionibus
312 3186 351 3245 ad
371 3188 434 3263 ejus
454 3204 620 3243 mereamur
640 3186 793 3262 pervenire
814 3187 1000 3244 consortium.
1045 3186 1105 3256 Qui
1129 3195 1228 3244 tecum
1242 3186 1315 3246 vivit
1332 3182 1379 3242 et

168 3274 279 3346 regnat.

559 3400 613 3455 Ar>
634 3397 758 3456 M1ssnn
780 3416 814 3457 rs
834 3400 977 3458 Ausona

229 3479 369 3556 Qffioivum.

228 3563 296 3619 Lux
317 3560 444 3637 fulgebit
464 3560 551 3619 hodie
573 3581 661 3638 super
682 3581 735 3619 nos
745 3582 753 3634 3
781 3561 851 3638 quia
871 3567 959 3619 natus
982 3568 1027 3620 est
1047 3562 1132 3620 nobis
1155 3563 1316 3621 Dominus:
1333 3556 1393 3618 et

166 3644 321 3702 vocubitur
333 3641 537 3715 Admirabilis,
553 3643 643 3715 Deus,
659 3642 799 3719 Princeps
820 3643 907 3719 pacis,
924 3643 1015 3701 Pater
1034 3644 1129 3701 futuri
1149 3645 1265 3704 saeculi:
1284 3644 1395 3721 cuju*3

167 3725 250 3802 regni
265 3743 324 3781 non
338 3723 396 3781 crit
408 3723 483 3781 finis.

228 3805 373 3862 Psclnsus.

227 3886 374 3944 Dominus
388 3885 530 3962 regnavit,
546 3885 678 3943 decorem
692 3886 810 3946 induit:
832 3886 930 3945 induit
948 3887 1096 3947 Dominus
1109 3890 1320 3962 fortitudinem,
1333 3875 1395 3942 Β*

166 3967 324 4047 praecinxit
337 3986 368 4024 se
383 3967 503 4025 virtute.

226 4050 276 4107 Ad
289 4048 364 4106 Ιιαιιο
378 4048 502 4105 Missam
517 4047 612 4124 Kyrie
627 4048 735 4106 cleison
749 4051 853 4125 absquo
874 4050 1011 4110 Versibus.

228 4130 331 4189 Gloria
344 4130 376 4187 in
391 4129 536 4192 excelsis:

228 4211 338 4271 Oratio.

227 4295 276 4352 Da
288 4292 381 4364 nobis,
398 4312 574 4368 quaesumus,
589 4292 774 4387 omnipotens
789 4294 880 4365 Dcus,
894 4299 929 4352 ut
946 4295 999 4370 qui
1020 4314 1097 4354 nova
1115 4295 1262 4356 incarnati
1274 4271 1395 4354 verb¹

166 4376 212 4433 tui
225 4375 289 4433 luce
303 4337 526 4451 pcrfdndimur:
547 4374 630 4433 hoc
621 4394 655 4431 m
674 4381 777 4435 nostro
797 4376 983 4454 resplendeat
1002 4395 1097 4455 opere,
1112 4379 1192 4455 quod
1211 4398 1264 4457 per
1281 4376 1395 4435 fidem

167 4456 283 4535 fulget
274 4476 308 4513 ιιι
321 4462 428 4517 mente.
