2804 4920
425 381 475 447 In
495 381 712 451 Dedicotioae
733 381 894 450 Ecclesia.
1192 387 1255 451 215

116 545 153 605 Si
165 547 200 605 in
211 546 390 607 Midomoda
403 549 584 610 Pentecosten

116 628 266 706 Alleluya.
315 629 345 689 V.
371 631 544 703 Par-solitus,
566 630 696 708 Spiritus
719 631 853 703 Sanctus,
877 650 965 709 quem
988 632 1091 690 mittet
1111 632 1203 692 Pater
1221 633 1254 692 in

44 708 177 769 nomine
189 729 273 769 mco:
293 710 345 769 ille
358 731 411 770 vos
424 712 541 770 docebit
554 731 672 772 omnem
685 713 850 771 veritatem.

116 789 498 869 &sodomitanum
516 793 584 851 1·10
585 794 609 871 ).

117 871 157 929 In
179 871 233 930 illo
258 877 399 951 tempore,
421 874 564 951 Egressus
585 874 675 933 decus
702 873 925 952 perambulabat
950 873 1071 932 Jericho
1097 893 1188 951 aspris
1214 873 1256 934 ad

47 952 244 1093 Vengpdnim
257 952 352 1012 Filius
366 954 508 1013 Hominis
520 975 660 1032 quarere,
674 961 705 1014 et
718 955 833 1014 salvum
846 955 949 1027 iacere,
964 955 1043 1032 quod
1056 956 1191 1033 perierat.

194 1054 219 1094 o.

118 1114 309 1189 offertorium
819 1167 825 1181 .

116 1195 246 1254 Domine
266 1197 358 1269 Deus,
372 1197 405 1254 in
424 1196 613 1275 simplicitate
633 1197 729 1256 cordis
749 1198 808 1256 mei
823 1197 909 1256 latus
929 1196 1026 1255 obtuli
1046 1197 1203 1256 universa:
1224 1203 1257 1258 ct

53 1277 198 1354 populum
219 1284 305 1336 tuum
326 1279 378 1355 qui
398 1285 532 1355 repertus
545 1285 591 1337 cst
603 1279 667 1337 ridi
687 1298 755 1337 cum
772 1279 887 1356 ingenti
904 1277 1031 1356 gaudio:
1053 1279 1137 1338 Deus
1151 1279 1255 1351 Israel,

56 1358 174 1415 custodi
186 1358 262 1417 hanc
276 1358 469 1417 voluntatem.

119 1438 161 1496 In
175 1449 296 1516 tempore
312 1439 459 1513 Pactoli,
481 1439 632 1518 Alleluya,
646 1439 781 1517 alleluya

118 1603 239 1672 Annus,
259 1602 397 1674 Domine,
419 1620 595 1679 quoesumus,
619 1602 754 1678 precibus
775 1600 883 1659 nostris
894 1622 902 1673 ;
932 1606 967 1658 ut
989 1601 1157 1679 quicunque
1176 1601 1258 1660 intra

58 1682 162 1759 templi
172 1682 270 1759 hujus,
279 1683 364 1759 cujus
377 1683 612 1741 anniversarium
621 1682 814 1740 dedicationis
824 1682 902 1740 diem
913 1682 1102 1754 celebramus,
1113 1682 1257 1740 ambitum

59 1764 254 1834 continemur,
282 1763 370 1841 plena
396 1764 453 1821 tibi
479 1769 570 1841 atque
596 1763 725 1840 perfecta
755 1763 883 1840 corporis
910 1769 942 1820 et
969 1763 1075 1821 snimae
1102 1763 1259 1822 devotione

58 1843 243 1921 placeamus3
262 1851 298 1902 ut
311 1844 383 1902 dum
395 1844 457 1903 hac
470 1845 628 1922 praesentia
641 1851 712 1902 vota
724 1843 881 1916 reddimus,
896 1843 933 1901 ad
954 1850 1066 1902 aetems
1084 1844 1214 1921 praemia,
1228 1849 1260 1902 te

58 1925 229 2002 adjuvante,
263 1925 417 2003 pervenire
454 1945 626 1983 mereamur.
683 1925 742 1984 Per
781 1925 945 1982 Dominum
982 1930 1117 1983 nostrum
1153 1925 1260 1984 desum

59 2006 219 2064 Christum

120 2086 264 2162 Proesatio
288 2086 464 2162 quotidiana
485 2107 595 2164 seraper
616 2087 742 2159 dicatur,
763 2087 824 2145 nisi
847 2086 882 2144 in
904 2095 1026 2163 tempore
1047 2085 1205 2157 Pascholi;
1234 2091 1260 2144 et

62 2178 131 2226 tunc
143 2167 262 2226 duntur
275 2168 417 2243 Proefatio
431 2168 465 2226 dc
478 2168 601 2241 Pascha,
616 2168 660 2226 vel
671 2169 706 2226 dc
718 2168 897 2240 Asccnsioac,
912 2167 956 2227 vel
968 2169 1004 2226 de
1016 2167 1183 2226 Pentecoste.

122 2248 304 2308 Communis.

121 2330 237 2389 Domus
250 2349 315 2388 msa
328 2329 433 2387 domus
451 2328 592 2388 orationis
604 2330 767 2400 vocabitur,
783 2329 855 2387 dicit
873 2329 1038 2389 Dominus:
1059 2329 1093 2387 in
1112 2349 1147 2387 ea
1164 2329 1261 2388 omnis

63 2410 115 2487 qni
127 2412 203 2487 petit
216 2411 333 2488 accipit,
347 2412 442 2487 etqui
456 2412 563 2488 quaerit
576 2411 700 2484 invenit,
716 2419 747 2469 et
760 2411 891 2488 pulsanti
904 2411 1061 2488 aperietur.

122 2490 164 2548 In
178 2500 299 2568 temporo
312 2491 458 2565 Posodoli,
481 2492 630 2568 Alleluya‚
645 2491 779 2568 alleluya.

123 2573 361 2632 Postcommunio.
431 2573 436 2580 '

123 2654 213 2725 Dens,
228 2653 282 2729 qui
295 2653 455 2712 Ecclesiam
471 2660 555 2713 tuam
575 2673 711 2731 sponsam
724 2672 829 2711 vocare
842 2652 982 2730 dignatus
995 2672 1034 2725 es,
1049 2659 1084 2709 ut
1097 2671 1163 2729 quae
1176 2651 1262 2709 habe

65 2732 116 2790 bat
134 2735 260 2811 gratiam
280 2754 333 2811 per
353 2734 421 2792 fidei
441 2734 636 2806 devotionem,
652 2735 774 2793 haberet
794 2734 884 2792 etiam
905 2754 944 2791 ex
963 2734 1082 2791 nomine
1097 2734 1258 2810 pietatem

69 2814 105 2870 da
119 2822 154 2872 ut
167 2816 263 2873 omnis
277 2816 340 2873 haec
358 2815 439 2893 plebs
457 2823 510 2874 tuo
529 2817 643 2873 nomini
663 2816 837 2888 deserviens,
853 2815 941 2890 hujus
958 2814 1095 2872 vocabuli
1115 2813 1261 2870 consortio

69 2893 226 2971 dignaesse
240 2903 397 2966 mereatur,
410 2903 446 2954 ut
467 2898 499 2954 in
519 2897 575 2954 hoc
595 2896 705 2974 templo
726 2898 810 2973 cujus
830 2895 1048 2953 anniversarius
1068 2893 1260 2951 dedicationis

71 2973 127 3032 dics
146 2976 320 3049 celebratur,
341 2978 397 3034 tibi
418 2977 539 3035 collecta
558 2984 589 3035 te
609 2977 722 3048 timeat,
744 2985 775 3035 te
795 2978 955 3054 diligente
975 2982 1124 3051 sequatur,
1139 2980 1175 3032 ut
1188 2974 1260 3031 dum

62 3054 173 3132 jugiter
191 3077 245 3135 per
258 3058 382 3134 vestigia
401 3064 454 3115 tua
473 3058 616 3135 giuditur,
638 3059 675 3116 ad
696 3058 823 3116 coelestia
840 3058 989 3134 promissa,
1005 3063 1035 3114 te
1049 3057 1181 3127 ducente,
1196 3074 1260 3132 per·

71 3139 164 3196 venire
176 3144 330 3196 mereatur.
361 3138 419 3196 Per
432 3137 594 3196 Dominum
609 3147 744 3197 nostrum
754 3139 776 3197 J
778 3158 859 3195 esum
874 3138 1023 3196 Christum
1039 3137 1150 3194 Filium
1163 3142 1258 3206 tuum,

75 3213 126 3283 Qui
144 3225 242 3277 tecum
261 3219 339 3276 vivit
359 3226 390 3276 et
410 3226 522 3297 regnat,
537 3220 575 3278 In
589 3221 704 3279 unitate
718 3219 847 3298 Spiritus
861 3218 963 3276 Sancti
977 3218 1067 3289 Deus,
1082 3219 1141 3275 Per
1161 3217 1260 3275 omnia

72 3299 167 3358 secula
179 3299 360 3358 seculorum.
403 3301 510 3358 Amen.
