<?xml version="1.0" encoding="UTF-8"?>
<!DOCTYPE html PUBLIC "-//W3C//DTD XHTML 1.0 Transitional//EN"
    "http://www.w3.org/TR/xhtml1/DTD/xhtml1-transitional.dtd">
<html xmlns="http://www.w3.org/1999/xhtml" xml:lang="en" lang="en">
 <head>
  <title>
</title>
<meta http-equiv="Content-Type" content="text/html;charset=utf-8" />
  <meta name='ocr-system' content='tesseract 3.04.00' />
  <meta name='ocr-capabilities' content='ocr_page ocr_carea ocr_par ocr_line ocrx_word'/>
</head>
<body>
  <div class='ocr_page' id='page_1' title='image "./missaleadusumpe00churgoog_0248.png"; bbox 0 0 2806 4920; ppageno 0'>
   <div class='ocr_carea' id='block_1_1' title="bbox 420 337 1277 424">
    <p class='ocr_par' dir='ltr' id='par_1_1' title="bbox 420 337 1277 424">
     <span class='ocr_line' id='line_1_1' title="bbox 420 337 1277 424; baseline 0.001 -20"><span class='ocrx_word' id='word_1_1' title='bbox 420 338 516 405; x_wconf 76' lang='lat' dir='ltr'>Dona</span> <span class='ocrx_word' id='word_1_2' title='bbox 540 339 603 404; x_wconf 82' lang='lat' dir='ltr'>aii.</span> <span class='ocrx_word' id='word_1_3' title='bbox 622 347 699 424; x_wconf 80' lang='lat' dir='ltr'>post</span> <span class='ocrx_word' id='word_1_4' title='bbox 723 337 936 405; x_wconf 71' lang='lat' dir='ltr'><em>Trinitatem.</em></span> <span class='ocrx_word' id='word_1_5' title='bbox 1215 344 1277 406; x_wconf 81' lang='lat'>193</span> 
     </span>
    </p>
   </div>
   <div class='ocr_carea' id='block_1_2' title="bbox 62 506 1280 1052">
    <p class='ocr_par' dir='ltr' id='par_1_2' title="bbox 62 506 1280 746">
     <span class='ocr_line' id='line_1_2' title="bbox 135 506 1280 665; baseline 0 -19"><span class='ocrx_word' id='word_1_6' title='bbox 135 506 335 660; x_wconf 51' lang='lat' dir='ltr'>ssssrffltpg&#39;</span> <span class='ocrx_word' id='word_1_7' title='bbox 350 588 487 658; x_wconf 88' lang='lat' dir='ltr'>Domine,</span> <span class='ocrx_word' id='word_1_8' title='bbox 503 589 642 665; x_wconf 90' lang='lat' dir='ltr'>quoniam</span> <span class='ocrx_word' id='word_1_9' title='bbox 657 587 812 664; x_wconf 73' lang='lat' dir='ltr'>suscepisti</span> <span class='ocrx_word' id='word_1_10' title='bbox 825 606 890 645; x_wconf 91' lang='lat' dir='ltr'>me:</span> <span class='ocrx_word' id='word_1_11' title='bbox 911 605 965 645; x_wconf 89' lang='lat' dir='ltr'>nec</span> <span class='ocrx_word' id='word_1_12' title='bbox 978 587 1132 646; x_wconf 73' lang='lat' dir='ltr'>delectasti</span> <span class='ocrx_word' id='word_1_13' title='bbox 1144 587 1280 646; x_wconf 85' lang='lat' dir='ltr'>inimicos</span> 
     </span>
     <span class='ocr_line' id='line_1_3' title="bbox 62 668 976 746; baseline 0 -18"><span class='ocrx_word' id='word_1_14' title='bbox 62 688 153 728; x_wconf 87' lang='lat' dir='ltr'>meos</span> <span class='ocrx_word' id='word_1_15' title='bbox 167 689 256 746; x_wconf 90' lang='lat' dir='ltr'>super</span> <span class='ocrx_word' id='word_1_16' title='bbox 269 689 335 743; x_wconf 70' lang='lat' dir='ltr'>me,</span> <span class='ocrx_word' id='word_1_17' title='bbox 356 668 493 740; x_wconf 88' lang='lat' dir='ltr'>Domine,</span> <span class='ocrx_word' id='word_1_18' title='bbox 508 670 633 727; x_wconf 81' lang='lat' dir='ltr'>clamavi</span> <span class='ocrx_word' id='word_1_19' title='bbox 647 669 684 726; x_wconf 87' lang='lat' dir='ltr'>ad</span> <span class='ocrx_word' id='word_1_20' title='bbox 698 677 737 741; x_wconf 87' lang='lat' dir='ltr'>te,</span> <span class='ocrx_word' id='word_1_21' title='bbox 753 675 783 726; x_wconf 92' lang='lat' dir='ltr'>et</span> <span class='ocrx_word' id='word_1_22' title='bbox 797 669 908 726; x_wconf 80' lang='lat' dir='ltr'>sanasti</span> <span class='ocrx_word' id='word_1_23' title='bbox 921 688 976 728; x_wconf 91' lang='lat' dir='ltr'>me.</span> 
     </span>
    </p>

    <p class='ocr_par' dir='ltr' id='par_1_3' title="bbox 64 750 1279 1052">
     <span class='ocr_line' id='line_1_4' title="bbox 134 750 1279 907; baseline 0.002 -18"><span class='ocrx_word' id='word_1_24' title='bbox 134 750 364 903; x_wconf 39' lang='lat' dir='ltr'>&amp;iatam</span> <span class='ocrx_word' id='word_1_25' title='bbox 379 831 521 889; x_wconf 86' lang='lat' dir='ltr'>sacrificia</span> <span class='ocrx_word' id='word_1_26' title='bbox 540 831 639 888; x_wconf 89' lang='lat' dir='ltr'>dicata</span> <span class='ocrx_word' id='word_1_27' title='bbox 659 831 840 902; x_wconf 81' lang='lat' dir='ltr'>reddantur3</span> <span class='ocrx_word' id='word_1_28' title='bbox 861 851 926 907; x_wconf 88' lang='lat' dir='ltr'>quae</span> <span class='ocrx_word' id='word_1_29' title='bbox 947 831 989 888; x_wconf 89' lang='lat' dir='ltr'>sic</span> <span class='ocrx_word' id='word_1_30' title='bbox 1009 832 1047 889; x_wconf 90' lang='lat' dir='ltr'>ad</span> <span class='ocrx_word' id='word_1_31' title='bbox 1065 831 1207 890; x_wconf 86' lang='lat' dir='ltr'>honorem</span> <span class='ocrx_word' id='word_1_32' title='bbox 1228 853 1279 891; x_wconf 85' lang='lat' dir='ltr'>no·</span> 
     </span>
     <span class='ocr_line' id='line_1_5' title="bbox 64 912 1278 1052; baseline 0.003 -82"><span class='ocrx_word' id='word_1_33' title='bbox 64 913 404 1052; x_wconf 47' lang='lat' dir='ltr'>rssgpissgn&#39;rihdgersnds</span> <span class='ocrx_word' id='word_1_34' title='bbox 422 912 566 982; x_wconf 77' lang='lat' dir='ltr'>tribuisti,</span> <span class='ocrx_word' id='word_1_35' title='bbox 580 919 616 969; x_wconf 91' lang='lat' dir='ltr'>ut</span> <span class='ocrx_word' id='word_1_36' title='bbox 636 913 738 969; x_wconf 80' lang='lat' dir='ltr'>emlem</span> <span class='ocrx_word' id='word_1_37' title='bbox 759 912 888 969; x_wconf 87' lang='lat' dir='ltr'>remedia</span> <span class='ocrx_word' id='word_1_38' title='bbox 908 912 973 969; x_wconf 88' lang='lat' dir='ltr'>fieri</span> <span class='ocrx_word' id='word_1_39' title='bbox 992 920 1094 971; x_wconf 86' lang='lat' dir='ltr'>nostra</span> <span class='ocrx_word' id='word_1_40' title='bbox 1114 919 1278 989; x_wconf 69' lang='lat' dir='ltr'>praestares.</span> 
     </span>
    </p>
   </div>
   <div class='ocr_carea' id='block_1_3' title="bbox 62 1073 1278 1554">
    <p class='ocr_par' dir='ltr' id='par_1_4' title="bbox 137 1073 314 1133">
     <span class='ocr_line' id='line_1_6' title="bbox 137 1073 314 1133; baseline -0.006 0"><span class='ocrx_word' id='word_1_41' title='bbox 137 1073 314 1133; x_wconf 80' lang='lat' dir='ltr'>Communis.</span> 
     </span>
    </p>

    <p class='ocr_par' dir='ltr' id='par_1_5' title="bbox 64 1155 1277 1313">
     <span class='ocr_line' id='line_1_7' title="bbox 135 1155 1277 1233; baseline 0.002 -21"><span class='ocrx_word' id='word_1_42' title='bbox 135 1155 260 1214; x_wconf 78' lang='lat' dir='ltr'>Honora</span> <span class='ocrx_word' id='word_1_43' title='bbox 274 1156 437 1214; x_wconf 90' lang='lat' dir='ltr'>Dominum</span> <span class='ocrx_word' id='word_1_44' title='bbox 451 1157 487 1213; x_wconf 94' lang='lat' dir='ltr'>de</span> <span class='ocrx_word' id='word_1_45' title='bbox 505 1162 559 1213; x_wconf 90' lang='lat' dir='ltr'>tua</span> <span class='ocrx_word' id='word_1_46' title='bbox 578 1155 744 1213; x_wconf 81' lang='lat' dir='ltr'>avrbstantia</span> <span class='ocrx_word' id='word_1_47' title='bbox 757 1163 789 1212; x_wconf 89' lang='lat' dir='ltr'>et</span> <span class='ocrx_word' id='word_1_48' title='bbox 801 1156 838 1213; x_wconf 90' lang='lat' dir='ltr'>de</span> <span class='ocrx_word' id='word_1_49' title='bbox 851 1156 992 1231; x_wconf 90' lang='lat' dir='ltr'>primitiis</span> <span class='ocrx_word' id='word_1_50' title='bbox 1008 1156 1126 1233; x_wconf 80' lang='lat' dir='ltr'>furgum</span> <span class='ocrx_word' id='word_1_51' title='bbox 1148 1162 1277 1230; x_wconf 88' lang='lat' dir='ltr'>tuarum,</span> 
     </span>
     <span class='ocr_line' id='line_1_8' title="bbox 64 1236 1214 1313; baseline 0 -19"><span class='ocrx_word' id='word_1_52' title='bbox 64 1243 106 1294; x_wconf 88' lang='lat' dir='ltr'>ut</span> <span class='ocrx_word' id='word_1_53' title='bbox 122 1237 303 1313; x_wconf 79' lang='lat' dir='ltr'>impleantur</span> <span class='ocrx_word' id='word_1_54' title='bbox 316 1236 422 1294; x_wconf 87' lang='lat' dir='ltr'>horrea</span> <span class='ocrx_word' id='word_1_55' title='bbox 434 1244 487 1296; x_wconf 89' lang='lat' dir='ltr'>tua</span> <span class='ocrx_word' id='word_1_56' title='bbox 501 1237 676 1294; x_wconf 82' lang='lat' dir='ltr'>saturitate:</span> <span class='ocrx_word' id='word_1_57' title='bbox 697 1244 728 1294; x_wconf 94' lang='lat' dir='ltr'>et</span> <span class='ocrx_word' id='word_1_58' title='bbox 742 1236 813 1295; x_wconf 79' lang='lat' dir='ltr'>m&#39;no</span> <span class='ocrx_word' id='word_1_59' title='bbox 826 1238 985 1294; x_wconf 87' lang='lat' dir='ltr'>torcularia</span> <span class='ocrx_word' id='word_1_60' title='bbox 998 1238 1214 1296; x_wconf 88' lang='lat' dir='ltr'>redundabunt.</span> 
     </span>
    </p>

    <p class='ocr_par' dir='ltr' id='par_1_6' title="bbox 137 1319 376 1401">
     <span class='ocr_line' id='line_1_9' title="bbox 137 1319 376 1401; baseline 0 -27"><span class='ocrx_word' id='word_1_61' title='bbox 137 1319 376 1401; x_wconf 74' lang='lat' dir='ltr'>Postcomntunio.</span> 
     </span>
    </p>

    <p class='ocr_par' dir='ltr' id='par_1_7' title="bbox 62 1399 1278 1554">
     <span class='ocr_line' id='line_1_10' title="bbox 136 1399 1278 1475; baseline 0.001 -18"><span class='ocrx_word' id='word_1_62' title='bbox 136 1400 319 1471; x_wconf 80' lang='lat' dir='ltr'>Qnaesumns,</span> <span class='ocrx_word' id='word_1_63' title='bbox 331 1399 459 1456; x_wconf 87' lang='lat' dir='ltr'>Domine</span> <span class='ocrx_word' id='word_1_64' title='bbox 470 1399 552 1455; x_wconf 87' lang='lat' dir='ltr'>Deua</span> <span class='ocrx_word' id='word_1_65' title='bbox 566 1408 674 1470; x_wconf 89' lang='lat' dir='ltr'>noster,</span> <span class='ocrx_word' id='word_1_66' title='bbox 686 1407 720 1454; x_wconf 88' lang='lat' dir='ltr'>nt</span> <span class='ocrx_word' id='word_1_67' title='bbox 734 1418 807 1475; x_wconf 85' lang='lat' dir='ltr'>quos</span> <span class='ocrx_word' id='word_1_68' title='bbox 821 1399 933 1456; x_wconf 79' lang='lat' dir='ltr'>divinis</span> <span class='ocrx_word' id='word_1_69' title='bbox 945 1418 1081 1475; x_wconf 87' lang='lat' dir='ltr'>reparare</span> <span class='ocrx_word' id='word_1_70' title='bbox 1093 1419 1153 1457; x_wconf 89' lang='lat' dir='ltr'>non</span> <span class='ocrx_word' id='word_1_71' title='bbox 1167 1399 1278 1459; x_wconf 87' lang='lat' dir='ltr'>desinis</span> 
     </span>
     <span class='ocr_line' id='line_1_11' title="bbox 62 1479 1169 1554; baseline -0.001 -15"><span class='ocrx_word' id='word_1_72' title='bbox 62 1481 274 1552; x_wconf 83' lang='lat' dir='ltr'>sacramentis,</span> <span class='ocrx_word' id='word_1_73' title='bbox 289 1480 350 1538; x_wconf 85' lang='lat' dir='ltr'>tuis</span> <span class='ocrx_word' id='word_1_74' title='bbox 364 1499 425 1537; x_wconf 92' lang='lat' dir='ltr'>non</span> <span class='ocrx_word' id='word_1_75' title='bbox 438 1480 582 1538; x_wconf 79' lang='lat' dir='ltr'>destituas</span> <span class='ocrx_word' id='word_1_76' title='bbox 596 1479 741 1554; x_wconf 85' lang='lat' dir='ltr'>benignus</span> <span class='ocrx_word' id='word_1_77' title='bbox 754 1480 882 1537; x_wconf 77' lang='lat' dir='ltr'>auxiliis.</span> <span class='ocrx_word' id='word_1_78' title='bbox 926 1480 985 1538; x_wconf 87' lang='lat' dir='ltr'>Per</span> <span class='ocrx_word' id='word_1_79' title='bbox 998 1481 1169 1538; x_wconf 89' lang='lat' dir='ltr'>Dominum.</span> 
     </span>
    </p>
   </div>
   <div class='ocr_carea' id='block_1_4' title="bbox 59 1642 1275 1962">
    <p class='ocr_par' dir='ltr' id='par_1_8' title="bbox 59 1642 1275 1962">
     <span class='ocr_line' id='line_1_12' title="bbox 550 1642 802 1712; baseline 0.008 -14"><span class='ocrx_word' id='word_1_80' title='bbox 550 1642 649 1698; x_wconf 77' lang='lat' dir='ltr'>Fama</span> <span class='ocrx_word' id='word_1_81' title='bbox 663 1642 802 1712; x_wconf 69' lang='lat' dir='ltr'>Quaeri.</span> 
     </span>
     <span class='ocr_line' id='line_1_13' title="bbox 134 1738 607 1816; baseline 0.004 -20"><span class='ocrx_word' id='word_1_82' title='bbox 134 1741 185 1796; x_wconf 74' lang='lat' dir='ltr'>Ad</span> <span class='ocrx_word' id='word_1_83' title='bbox 200 1738 367 1799; x_wconf 76' lang='lat' dir='ltr'>Corinthios</span> <span class='ocrx_word' id='word_1_84' title='bbox 382 1742 420 1812; x_wconf 95' lang='lat' dir='ltr'>(l</span> <span class='ocrx_word' id='word_1_85' title='bbox 439 1741 474 1797; x_wconf 86' lang='lat' dir='ltr'>ri.</span> <span class='ocrx_word' id='word_1_86' title='bbox 494 1741 607 1816; x_wconf 81' lang='lat'>15-20).</span> 
     </span>
     <span class='ocr_line' id='line_1_14' title="bbox 134 1821 1275 1900; baseline 0.004 -22"><span class='ocrx_word' id='word_1_87' title='bbox 134 1821 272 1879; x_wconf 83' lang='lat' dir='ltr'>Fratres:</span> <span class='ocrx_word' id='word_1_88' title='bbox 295 1821 431 1890; x_wconf 66' lang='lat' dir='ltr'>Nescitis,</span> <span class='ocrx_word' id='word_1_89' title='bbox 453 1822 592 1898; x_wconf 89' lang='lat' dir='ltr'>quoniam</span> <span class='ocrx_word' id='word_1_90' title='bbox 613 1841 734 1897; x_wconf 87' lang='lat' dir='ltr'>corpora</span> <span class='ocrx_word' id='word_1_91' title='bbox 755 1827 853 1879; x_wconf 86' lang='lat' dir='ltr'>vestra</span> <span class='ocrx_word' id='word_1_92' title='bbox 875 1843 964 1897; x_wconf 82' lang='lat' dir='ltr'>nsque</span> <span class='ocrx_word' id='word_1_93' title='bbox 984 1825 1025 1880; x_wconf 82' lang='lat' dir='ltr'>ad</span> <span class='ocrx_word' id='word_1_94' title='bbox 1045 1831 1162 1900; x_wconf 86' lang='lat' dir='ltr'>portate</span> <span class='ocrx_word' id='word_1_95' title='bbox 1177 1824 1275 1882; x_wconf 85' lang='lat' dir='ltr'>Deum</span> 
     </span>
     <span class='ocr_line' id='line_1_15' title="bbox 59 1902 388 1962; baseline -0.009 -1"><span class='ocrx_word' id='word_1_96' title='bbox 59 1906 99 1962; x_wconf 89' lang='lat' dir='ltr'>in</span> <span class='ocrx_word' id='word_1_97' title='bbox 117 1902 259 1959; x_wconf 87' lang='lat' dir='ltr'>cordibus</span> <span class='ocrx_word' id='word_1_98' title='bbox 275 1903 388 1960; x_wconf 87' lang='lat' dir='ltr'>vestris.</span> 
     </span>
    </p>
   </div>
   <div class='ocr_carea' id='block_1_5' title="bbox 130 1981 708 2060">
    <p class='ocr_par' dir='ltr' id='par_1_9' title="bbox 130 1981 708 2060">
     <span class='ocr_line' id='line_1_16' title="bbox 130 1981 708 2060; baseline 0.002 -20"><span class='ocrx_word' id='word_1_99' title='bbox 130 1981 302 2041; x_wconf 79' lang='lat' dir='ltr'>Secundum</span> <span class='ocrx_word' id='word_1_100' title='bbox 315 1983 489 2040; x_wconf 51' lang='lat' dir='ltr'>ittatttoecm</span> <span class='ocrx_word' id='word_1_101' title='bbox 502 1983 571 2060; x_wconf 80' lang='lat' dir='ltr'>(aii.</span> <span class='ocrx_word' id='word_1_102' title='bbox 589 1984 708 2053; x_wconf 73' lang='lat'>30-37.)</span> 
     </span>
    </p>
   </div>
   <div class='ocr_carea' id='block_1_6' title="bbox 56 2063 1279 2204">
    <p class='ocr_par' dir='ltr' id='par_1_10' title="bbox 56 2063 1279 2204">
     <span class='ocr_line' id='line_1_17' title="bbox 135 2063 1279 2142; baseline 0.003 -22"><span class='ocrx_word' id='word_1_103' title='bbox 135 2063 175 2120; x_wconf 93' lang='lat' dir='ltr'>In</span> <span class='ocrx_word' id='word_1_104' title='bbox 189 2063 241 2120; x_wconf 93' lang='lat' dir='ltr'>illo</span> <span class='ocrx_word' id='word_1_105' title='bbox 255 2070 396 2139; x_wconf 84' lang='lat' dir='ltr'>tempore,</span> <span class='ocrx_word' id='word_1_106' title='bbox 410 2063 498 2121; x_wconf 85' lang='lat' dir='ltr'>Dixit</span> <span class='ocrx_word' id='word_1_107' title='bbox 509 2064 531 2122; x_wconf 88' lang='lat' dir='ltr'><strong>J</strong></span> <span class='ocrx_word' id='word_1_108' title='bbox 533 2084 598 2121; x_wconf 85' lang='lat' dir='ltr'>esus</span> <span class='ocrx_word' id='word_1_109' title='bbox 611 2063 767 2121; x_wconf 82' lang='lat' dir='ltr'>Pharisaeis</span> <span class='ocrx_word' id='word_1_110' title='bbox 779 2084 786 2136; x_wconf 87' lang='lat'>;</span> <span class='ocrx_word' id='word_1_111' title='bbox 808 2064 866 2134; x_wconf 79' lang='lat' dir='ltr'>Qui</span> <span class='ocrx_word' id='word_1_112' title='bbox 878 2085 937 2122; x_wconf 91' lang='lat' dir='ltr'>non</span> <span class='ocrx_word' id='word_1_113' title='bbox 946 2072 992 2124; x_wconf 89' lang='lat' dir='ltr'>est</span> <span class='ocrx_word' id='word_1_114' title='bbox 1004 2085 1120 2123; x_wconf 90' lang='lat' dir='ltr'>mecum</span> <span class='ocrx_word' id='word_1_115' title='bbox 1130 2087 1222 2142; x_wconf 80' lang='lat' dir='ltr'>nsque</span> <span class='ocrx_word' id='word_1_116' title='bbox 1237 2066 1279 2124; x_wconf 84' lang='lat' dir='ltr'>ad</span> 
     </span>
     <span class='ocr_line' id='line_1_18' title="bbox 56 2144 605 2204; baseline -0.005 -1"><span class='ocrx_word' id='word_1_117' title='bbox 56 2153 96 2204; x_wconf 79' lang='lat' dir='ltr'>et</span> <span class='ocrx_word' id='word_1_118' title='bbox 113 2164 156 2202; x_wconf 82' lang='lat' dir='ltr'>ex</span> <span class='ocrx_word' id='word_1_119' title='bbox 169 2145 269 2202; x_wconf 89' lang='lat' dir='ltr'>verbis</span> <span class='ocrx_word' id='word_1_120' title='bbox 283 2145 344 2202; x_wconf 82' lang='lat' dir='ltr'>tuis</span> <span class='ocrx_word' id='word_1_121' title='bbox 358 2144 605 2202; x_wconf 81' lang='lat' dir='ltr'>condemnaberis.</span> 
     </span>
    </p>
   </div>
   <div class='ocr_carea' id='block_1_7' title="bbox 133 2302 1130 2636">
    <p class='ocr_par' dir='ltr' id='par_1_11' title="bbox 133 2302 1130 2636">
     <span class='ocr_line' id='line_1_19' title="bbox 566 2302 791 2359; baseline 0.004 -2"><span class='ocrx_word' id='word_1_122' title='bbox 566 2302 667 2359; x_wconf 77' lang='lat' dir='ltr'>Fama</span> <span class='ocrx_word' id='word_1_123' title='bbox 681 2302 791 2359; x_wconf 76' lang='lat' dir='ltr'>Snxrn.</span> 
     </span>
     <span class='ocr_line' id='line_1_20' title="bbox 135 2398 666 2475; baseline -0.002 -20"><span class='ocrx_word' id='word_1_124' title='bbox 135 2399 187 2455; x_wconf 76' lang='lat' dir='ltr'>Ad</span> <span class='ocrx_word' id='word_1_125' title='bbox 202 2398 372 2456; x_wconf 76' lang='lat' dir='ltr'>Corinthios</span> <span class='ocrx_word' id='word_1_126' title='bbox 384 2399 417 2475; x_wconf 90' lang='lat' dir='ltr'>(l</span> <span class='ocrx_word' id='word_1_127' title='bbox 444 2419 468 2454; x_wconf 81' lang='lat' dir='ltr'>a.</span> <span class='ocrx_word' id='word_1_128' title='bbox 487 2398 603 2456; x_wconf 82' lang='lat' dir='ltr'>ll-ci.</span> <span class='ocrx_word' id='word_1_129' title='bbox 621 2399 639 2454; x_wconf 82' lang='lat'>8</span> <span class='ocrx_word' id='word_1_130' title='bbox 643 2400 666 2472; x_wconf 90' lang='lat'>).</span> 
     </span>
     <span class='ocr_line' id='line_1_21' title="bbox 133 2478 1130 2556; baseline 0.004 -19"><span class='ocrx_word' id='word_1_131' title='bbox 133 2480 273 2537; x_wconf 81' lang='lat' dir='ltr'>Fratres:</span> <span class='ocrx_word' id='word_1_132' title='bbox 296 2480 407 2554; x_wconf 88' lang='lat' dir='ltr'>Scripsi</span> <span class='ocrx_word' id='word_1_133' title='bbox 421 2479 505 2536; x_wconf 82' lang='lat' dir='ltr'>vobis</span> <span class='ocrx_word' id='word_1_134' title='bbox 520 2479 551 2535; x_wconf 91' lang='lat' dir='ltr'>in</span> <span class='ocrx_word' id='word_1_135' title='bbox 566 2478 691 2556; x_wconf 86' lang='lat' dir='ltr'>epistola</span> <span class='ocrx_word' id='word_1_136' title='bbox 704 2501 796 2555; x_wconf 72' lang='lat' dir='ltr'>cupite</span> <span class='ocrx_word' id='word_1_137' title='bbox 811 2482 850 2536; x_wconf 82' lang='lat' dir='ltr'>nd</span> <span class='ocrx_word' id='word_1_138' title='bbox 865 2487 896 2538; x_wconf 91' lang='lat' dir='ltr'>et</span> <span class='ocrx_word' id='word_1_139' title='bbox 910 2480 965 2538; x_wconf 90' lang='lat' dir='ltr'>hoc</span> <span class='ocrx_word' id='word_1_140' title='bbox 980 2481 1130 2541; x_wconf 80' lang='lat' dir='ltr'>tratribus.</span> 
     </span>
     <span class='ocr_line' id='line_1_22' title="bbox 133 2560 687 2636; baseline 0 -16"><span class='ocrx_word' id='word_1_141' title='bbox 133 2560 304 2620; x_wconf 71' lang='lat' dir='ltr'>Senectutem</span> <span class='ocrx_word' id='word_1_142' title='bbox 318 2560 485 2618; x_wconf 75' lang='lat' dir='ltr'>Jotanmm</span> <span class='ocrx_word' id='word_1_143' title='bbox 498 2561 553 2636; x_wconf 86' lang='lat' dir='ltr'>(oi.</span> <span class='ocrx_word' id='word_1_144' title='bbox 573 2561 656 2617; x_wconf 79' lang='lat' dir='ltr'>lt-tl</span> <span class='ocrx_word' id='word_1_145' title='bbox 663 2562 687 2635; x_wconf 88' lang='lat'><em>)</em></span> 
     </span>
    </p>
   </div>
   <div class='ocr_carea' id='block_1_8' title="bbox 54 2639 1278 2798">
    <p class='ocr_par' dir='ltr' id='par_1_12' title="bbox 54 2639 1278 2798">
     <span class='ocr_line' id='line_1_23' title="bbox 132 2639 1278 2719; baseline 0.001 -20"><span class='ocrx_word' id='word_1_146' title='bbox 132 2642 174 2699; x_wconf 89' lang='lat' dir='ltr'>In</span> <span class='ocrx_word' id='word_1_147' title='bbox 188 2642 241 2699; x_wconf 92' lang='lat' dir='ltr'>illo</span> <span class='ocrx_word' id='word_1_148' title='bbox 256 2649 396 2719; x_wconf 89' lang='lat' dir='ltr'>tempore,</span> <span class='ocrx_word' id='word_1_149' title='bbox 410 2639 486 2698; x_wconf 76' lang='lat' dir='ltr'>(lum</span> <span class='ocrx_word' id='word_1_150' title='bbox 500 2642 684 2717; x_wconf 81' lang='lat' dir='ltr'>cognovisset</span> <span class='ocrx_word' id='word_1_151' title='bbox 697 2642 718 2699; x_wconf 87' lang='lat' dir='ltr'><strong>J</strong></span> <span class='ocrx_word' id='word_1_152' title='bbox 720 2662 787 2697; x_wconf 86' lang='lat' dir='ltr'>esus</span> <span class='ocrx_word' id='word_1_153' title='bbox 801 2643 872 2716; x_wconf 58' lang='lat' dir='ltr'>&lt;suia</span> <span class='ocrx_word' id='word_1_154' title='bbox 887 2643 1006 2700; x_wconf 88' lang='lat' dir='ltr'>venturi</span> <span class='ocrx_word' id='word_1_155' title='bbox 1021 2649 1119 2700; x_wconf 71' lang='lat' dir='ltr'>essem</span> <span class='ocrx_word' id='word_1_156' title='bbox 1133 2664 1224 2719; x_wconf 81' lang='lat' dir='ltr'>usquc</span> <span class='ocrx_word' id='word_1_157' title='bbox 1238 2646 1278 2701; x_wconf 74' lang='lat' dir='ltr'>aii</span> 
     </span>
     <span class='ocr_line' id='line_1_24' title="bbox 54 2723 750 2798; baseline -0.006 -14"><span class='ocrx_word' id='word_1_158' title='bbox 54 2740 94 2784; x_wconf 83' lang='lat' dir='ltr'>et</span> <span class='ocrx_word' id='word_1_159' title='bbox 111 2724 220 2781; x_wconf 87' lang='lat' dir='ltr'>statim</span> <span class='ocrx_word' id='word_1_160' title='bbox 235 2723 321 2780; x_wconf 78' lang='lat' dir='ltr'>navis</span> <span class='ocrx_word' id='word_1_161' title='bbox 335 2723 393 2780; x_wconf 85' lang='lat' dir='ltr'>tuit</span> <span class='ocrx_word' id='word_1_162' title='bbox 407 2723 444 2779; x_wconf 84' lang='lat' dir='ltr'>ad</span> <span class='ocrx_word' id='word_1_163' title='bbox 460 2729 569 2780; x_wconf 88' lang='lat' dir='ltr'>terram</span> <span class='ocrx_word' id='word_1_164' title='bbox 584 2742 644 2798; x_wconf 89' lang='lat' dir='ltr'>qua</span> <span class='ocrx_word' id='word_1_165' title='bbox 658 2723 750 2780; x_wconf 87' lang='lat' dir='ltr'>ibunt.</span> 
     </span>
    </p>
   </div>
   <div class='ocr_carea' id='block_1_9' title="bbox 57 2903 1283 4444">
    <p class='ocr_par' dir='ltr' id='par_1_13' title="bbox 485 2903 865 2962">
     <span class='ocr_line' id='line_1_25' title="bbox 485 2903 865 2962; baseline 0 -2"><span class='ocrx_word' id='word_1_166' title='bbox 485 2903 645 2962; x_wconf 76' lang='lat' dir='ltr'>Donrmca</span> <span class='ocrx_word' id='word_1_167' title='bbox 667 2904 865 2962; x_wconf 77' lang='lat' dir='ltr'>Duonncnra,</span> 
     </span>
    </p>

    <p class='ocr_par' dir='ltr' id='par_1_14' title="bbox 136 2986 279 3063">
     <span class='ocr_line' id='line_1_26' title="bbox 136 2986 279 3063; baseline -0.014 -19"><span class='ocrx_word' id='word_1_168' title='bbox 136 2986 279 3063; x_wconf 81' lang='lat' dir='ltr'>Officium.</span> 
     </span>
    </p>

    <p class='ocr_par' dir='ltr' id='par_1_15' title="bbox 57 3066 1279 3290">
     <span class='ocr_line' id='line_1_27' title="bbox 134 3066 1279 3143; baseline 0 -18"><span class='ocrx_word' id='word_1_169' title='bbox 134 3068 225 3139; x_wconf 87' lang='lat' dir='ltr'>Deus,</span> <span class='ocrx_word' id='word_1_170' title='bbox 247 3068 281 3124; x_wconf 91' lang='lat' dir='ltr'>in</span> <span class='ocrx_word' id='word_1_171' title='bbox 300 3067 481 3143; x_wconf 82' lang='lat' dir='ltr'>adjutorium</span> <span class='ocrx_word' id='word_1_172' title='bbox 503 3086 601 3122; x_wconf 87' lang='lat' dir='ltr'>meum</span> <span class='ocrx_word' id='word_1_173' title='bbox 623 3067 761 3123; x_wconf 87' lang='lat' dir='ltr'>intende:</span> <span class='ocrx_word' id='word_1_174' title='bbox 790 3066 927 3131; x_wconf 80' lang='lat' dir='ltr'>Domine,</span> <span class='ocrx_word' id='word_1_175' title='bbox 949 3067 985 3122; x_wconf 86' lang='lat' dir='ltr'>ad</span> <span class='ocrx_word' id='word_1_176' title='bbox 1007 3068 1211 3142; x_wconf 89' lang='lat' dir='ltr'>adjuvandum</span> <span class='ocrx_word' id='word_1_177' title='bbox 1232 3088 1279 3125; x_wconf 87' lang='lat' dir='ltr'>me</span> 
     </span>
     <span class='ocr_line' id='line_1_28' title="bbox 57 3148 1278 3224; baseline -0.002 -15"><span class='ocrx_word' id='word_1_178' title='bbox 57 3150 198 3210; x_wconf 79' lang='lat' dir='ltr'>festina:</span> <span class='ocrx_word' id='word_1_179' title='bbox 219 3149 440 3207; x_wconf 84' lang='lat' dir='ltr'>confundantur</span> <span class='ocrx_word' id='word_1_180' title='bbox 460 3154 490 3203; x_wconf 91' lang='lat' dir='ltr'>et</span> <span class='ocrx_word' id='word_1_181' title='bbox 511 3154 703 3203; x_wconf 82' lang='lat' dir='ltr'>revereantur</span> <span class='ocrx_word' id='word_1_182' title='bbox 718 3148 832 3204; x_wconf 87' lang='lat' dir='ltr'>inimici</span> <span class='ocrx_word' id='word_1_183' title='bbox 850 3149 915 3220; x_wconf 84' lang='lat' dir='ltr'>mei,</span> <span class='ocrx_word' id='word_1_184' title='bbox 932 3149 983 3224; x_wconf 93' lang='lat' dir='ltr'>qui</span> <span class='ocrx_word' id='word_1_185' title='bbox 998 3157 1136 3224; x_wconf 76' lang='lat' dir='ltr'>quarunt</span> <span class='ocrx_word' id='word_1_186' title='bbox 1149 3150 1278 3207; x_wconf 90' lang='lat' dir='ltr'>animam</span> 
     </span>
     <span class='ocr_line' id='line_1_29' title="bbox 62 3250 178 3290; baseline -0.034 0"><span class='ocrx_word' id='word_1_187' title='bbox 62 3250 178 3290; x_wconf 82' lang='lat' dir='ltr'>meam.</span> 
     </span>
    </p>

    <p class='ocr_par' dir='ltr' id='par_1_16' title="bbox 131 3311 281 3369">
     <span class='ocr_line' id='line_1_30' title="bbox 131 3311 281 3369; baseline -0.007 -1"><span class='ocrx_word' id='word_1_188' title='bbox 131 3311 281 3369; x_wconf 78' lang='lat' dir='ltr'>Facimus.</span> 
     </span>
    </p>

    <p class='ocr_par' dir='ltr' id='par_1_17' title="bbox 133 3392 1140 3467">
     <span class='ocr_line' id='line_1_31' title="bbox 133 3392 1140 3467; baseline 0.001 -17"><span class='ocrx_word' id='word_1_189' title='bbox 133 3394 324 3450; x_wconf 84' lang='lat' dir='ltr'>Avertantur</span> <span class='ocrx_word' id='word_1_190' title='bbox 337 3397 506 3461; x_wconf 89' lang='lat' dir='ltr'>retrorsum,</span> <span class='ocrx_word' id='word_1_191' title='bbox 523 3400 553 3447; x_wconf 90' lang='lat' dir='ltr'>et</span> <span class='ocrx_word' id='word_1_192' title='bbox 567 3392 758 3448; x_wconf 81' lang='lat' dir='ltr'>erubescant:</span> <span class='ocrx_word' id='word_1_193' title='bbox 780 3393 830 3467; x_wconf 85' lang='lat' dir='ltr'>qni</span> <span class='ocrx_word' id='word_1_194' title='bbox 847 3392 954 3450; x_wconf 75' lang='lat' dir='ltr'>volunt</span> <span class='ocrx_word' id='word_1_195' title='bbox 968 3393 1041 3450; x_wconf 90' lang='lat' dir='ltr'>mihi</span> <span class='ocrx_word' id='word_1_196' title='bbox 1056 3394 1140 3451; x_wconf 86' lang='lat' dir='ltr'>mala.</span> 
     </span>
    </p>

    <p class='ocr_par' dir='ltr' id='par_1_18' title="bbox 137 3473 247 3531">
     <span class='ocr_line' id='line_1_32' title="bbox 137 3473 247 3531; baseline 0.009 -1"><span class='ocrx_word' id='word_1_197' title='bbox 137 3473 247 3531; x_wconf 83' lang='lat' dir='ltr'>Oratio.</span> 
     </span>
    </p>

    <p class='ocr_par' dir='ltr' id='par_1_19' title="bbox 62 3553 1281 3857">
     <span class='ocr_line' id='line_1_33' title="bbox 134 3553 1281 3631; baseline 0.003 -20"><span class='ocrx_word' id='word_1_198' title='bbox 134 3555 331 3629; x_wconf 84' lang='lat' dir='ltr'>Omnipotens</span> <span class='ocrx_word' id='word_1_199' title='bbox 350 3553 528 3629; x_wconf 84' lang='lat' dir='ltr'>sempiterne</span> <span class='ocrx_word' id='word_1_200' title='bbox 542 3554 634 3622; x_wconf 87' lang='lat' dir='ltr'>Dcns,</span> <span class='ocrx_word' id='word_1_201' title='bbox 649 3555 701 3630; x_wconf 92' lang='lat' dir='ltr'>qui</span> <span class='ocrx_word' id='word_1_202' title='bbox 722 3556 905 3612; x_wconf 85' lang='lat' dir='ltr'>abnndantia</span> <span class='ocrx_word' id='word_1_203' title='bbox 922 3556 1043 3631; x_wconf 85' lang='lat' dir='ltr'>pietatis</span> <span class='ocrx_word' id='word_1_204' title='bbox 1057 3564 1115 3613; x_wconf 85' lang='lat' dir='ltr'>tuse</span> <span class='ocrx_word' id='word_1_205' title='bbox 1130 3565 1161 3614; x_wconf 89' lang='lat' dir='ltr'>et</span> <span class='ocrx_word' id='word_1_206' title='bbox 1175 3558 1281 3615; x_wconf 88' lang='lat' dir='ltr'>merita</span> 
     </span>
     <span class='ocr_line' id='line_1_34' title="bbox 62 3634 1280 3712; baseline 0 -17"><span class='ocrx_word' id='word_1_207' title='bbox 62 3636 240 3712; x_wconf 81' lang='lat' dir='ltr'>supplicum</span> <span class='ocrx_word' id='word_1_208' title='bbox 260 3634 377 3691; x_wconf 85' lang='lat' dir='ltr'>excedis</span> <span class='ocrx_word' id='word_1_209' title='bbox 397 3642 427 3692; x_wconf 91' lang='lat' dir='ltr'>ct</span> <span class='ocrx_word' id='word_1_210' title='bbox 448 3642 536 3705; x_wconf 76' lang='lat' dir='ltr'>vota3</span> <span class='ocrx_word' id='word_1_211' title='bbox 556 3635 673 3692; x_wconf 82' lang='lat' dir='ltr'>otl&#39;undc</span> <span class='ocrx_word' id='word_1_212' title='bbox 696 3656 783 3710; x_wconf 79' lang='lat' dir='ltr'>super</span> <span class='ocrx_word' id='word_1_213' title='bbox 804 3657 856 3692; x_wconf 87' lang='lat' dir='ltr'>nos</span> <span class='ocrx_word' id='word_1_214' title='bbox 878 3637 1106 3695; x_wconf 86' lang='lat' dir='ltr'>misericordiam</span> <span class='ocrx_word' id='word_1_215' title='bbox 1132 3646 1223 3708; x_wconf 88' lang='lat' dir='ltr'>tuam,</span> <span class='ocrx_word' id='word_1_216' title='bbox 1246 3655 1280 3695; x_wconf 90' lang='lat' dir='ltr'>ut</span> 
     </span>
     <span class='ocr_line' id='line_1_35' title="bbox 63 3716 1279 3795; baseline 0.001 -20"><span class='ocrx_word' id='word_1_217' title='bbox 63 3718 208 3775; x_wconf 85' lang='lat' dir='ltr'>dimittas</span> <span class='ocrx_word' id='word_1_218' title='bbox 229 3736 294 3793; x_wconf 81' lang='lat' dir='ltr'>qum</span> <span class='ocrx_word' id='word_1_219' title='bbox 315 3716 493 3774; x_wconf 87' lang='lat' dir='ltr'>conscicntia</span> <span class='ocrx_word' id='word_1_220' title='bbox 514 3718 631 3787; x_wconf 86' lang='lat' dir='ltr'>metuit,</span> <span class='ocrx_word' id='word_1_221' title='bbox 648 3725 675 3771; x_wconf 77' lang='lat' dir='ltr'>st</span> <span class='ocrx_word' id='word_1_222' title='bbox 698 3718 818 3792; x_wconf 80' lang='lat' dir='ltr'>mljicius</span> <span class='ocrx_word' id='word_1_223' title='bbox 839 3719 916 3792; x_wconf 80' lang='lat' dir='ltr'>(prod</span> <span class='ocrx_word' id='word_1_224' title='bbox 934 3719 1029 3775; x_wconf 86' lang='lat' dir='ltr'>oratio</span> <span class='ocrx_word' id='word_1_225' title='bbox 1044 3740 1103 3776; x_wconf 89' lang='lat' dir='ltr'>non</span> <span class='ocrx_word' id='word_1_226' title='bbox 1118 3721 1279 3795; x_wconf 70' lang='lat' dir='ltr'>praesumit.</span> 
     </span>
     <span class='ocr_line' id='line_1_36' title="bbox 65 3798 321 3857; baseline -0.012 0"><span class='ocrx_word' id='word_1_227' title='bbox 65 3800 133 3857; x_wconf 88' lang='lat' dir='ltr'>Per</span> <span class='ocrx_word' id='word_1_228' title='bbox 148 3798 321 3854; x_wconf 88' lang='lat' dir='ltr'>Dominum.</span> 
     </span>
    </p>

    <p class='ocr_par' dir='ltr' id='par_1_20' title="bbox 134 3878 582 3953">
     <span class='ocr_line' id='line_1_37' title="bbox 134 3878 582 3953; baseline 0.002 -20"><span class='ocrx_word' id='word_1_229' title='bbox 134 3879 186 3934; x_wconf 55' lang='lat' dir='ltr'>:td</span> <span class='ocrx_word' id='word_1_230' title='bbox 200 3878 369 3937; x_wconf 68' lang='lat' dir='ltr'>Cmtnttios</span> <span class='ocrx_word' id='word_1_231' title='bbox 381 3881 419 3944; x_wconf 66' lang='lat'>(2</span> <span class='ocrx_word' id='word_1_232' title='bbox 444 3880 485 3935; x_wconf 90' lang='lat' dir='ltr'>iii.</span> <span class='ocrx_word' id='word_1_233' title='bbox 504 3880 582 3953; x_wconf 76' lang='lat'>4-9)</span> 
     </span>
    </p>

    <p class='ocr_par' dir='ltr' id='par_1_21' title="bbox 65 3960 1283 4118">
     <span class='ocr_line' id='line_1_38' title="bbox 136 3960 1283 4039; baseline 0.004 -23"><span class='ocrx_word' id='word_1_234' title='bbox 136 3960 160 4016; x_wconf 89' lang='lat' dir='ltr'>F</span> <span class='ocrx_word' id='word_1_235' title='bbox 162 3968 273 4018; x_wconf 81' lang='lat' dir='ltr'>ratres:</span> <span class='ocrx_word' id='word_1_236' title='bbox 295 3961 447 4018; x_wconf 87' lang='lat' dir='ltr'>Fiduciam</span> <span class='ocrx_word' id='word_1_237' title='bbox 469 3961 558 4018; x_wconf 78' lang='lat' dir='ltr'>talem</span> <span class='ocrx_word' id='word_1_238' title='bbox 580 3961 722 4016; x_wconf 82' lang='lat' dir='ltr'>habemus</span> <span class='ocrx_word' id='word_1_239' title='bbox 738 3982 788 4036; x_wconf 87' lang='lat' dir='ltr'>pcr</span> <span class='ocrx_word' id='word_1_240' title='bbox 804 3962 955 4018; x_wconf 17' lang='lat' dir='ltr'>(A&#39;hristum</span> <span class='ocrx_word' id='word_1_241' title='bbox 971 3963 1008 4018; x_wconf 85' lang='lat' dir='ltr'>ad</span> <span class='ocrx_word' id='word_1_242' title='bbox 1025 3964 1121 4018; x_wconf 79' lang='lat' dir='ltr'>[lcum</span> <span class='ocrx_word' id='word_1_243' title='bbox 1138 3984 1227 4039; x_wconf 75' lang='lat' dir='ltr'>usqne</span> <span class='ocrx_word' id='word_1_244' title='bbox 1242 3969 1283 4022; x_wconf 77' lang='lat' dir='ltr'>ccl</span> 
     </span>
     <span class='ocr_line' id='line_1_39' title="bbox 65 4041 936 4118; baseline -0.001 -18"><span class='ocrx_word' id='word_1_245' title='bbox 65 4041 169 4100; x_wconf 86' lang='lat' dir='ltr'>multo</span> <span class='ocrx_word' id='word_1_246' title='bbox 183 4041 278 4117; x_wconf 81' lang='lat' dir='ltr'>magis</span> <span class='ocrx_word' id='word_1_247' title='bbox 291 4042 423 4101; x_wconf 81' lang='lat' dir='ltr'>abundat</span> <span class='ocrx_word' id='word_1_248' title='bbox 438 4043 635 4100; x_wconf 85' lang='lat' dir='ltr'>ministerium</span> <span class='ocrx_word' id='word_1_249' title='bbox 647 4043 775 4117; x_wconf 74' lang='lat' dir='ltr'>justitia</span> <span class='ocrx_word' id='word_1_250' title='bbox 790 4043 820 4098; x_wconf 90' lang='lat' dir='ltr'>in</span> <span class='ocrx_word' id='word_1_251' title='bbox 835 4043 936 4118; x_wconf 81' lang='lat' dir='ltr'>gloria.</span> 
     </span>
    </p>

    <p class='ocr_par' dir='ltr' id='par_1_22' title="bbox 137 4121 272 4181">
     <span class='ocr_line' id='line_1_40' title="bbox 137 4121 272 4181; baseline 0.007 -2"><span class='ocrx_word' id='word_1_252' title='bbox 137 4121 272 4181; x_wconf 77' lang='lat' dir='ltr'>Grodcle.</span> 
     </span>
    </p>

    <p class='ocr_par' dir='ltr' id='par_1_23' title="bbox 72 4204 1280 4356">
     <span class='ocr_line' id='line_1_41' title="bbox 135 4204 1280 4281; baseline 0.004 -20"><span class='ocrx_word' id='word_1_253' title='bbox 135 4204 314 4262; x_wconf 82' lang='lat' dir='ltr'>Benedicam</span> <span class='ocrx_word' id='word_1_254' title='bbox 325 4205 489 4263; x_wconf 86' lang='lat' dir='ltr'>Dominum</span> <span class='ocrx_word' id='word_1_255' title='bbox 505 4205 536 4260; x_wconf 88' lang='lat' dir='ltr'>in</span> <span class='ocrx_word' id='word_1_256' title='bbox 551 4206 632 4261; x_wconf 90' lang='lat' dir='ltr'>omni</span> <span class='ocrx_word' id='word_1_257' title='bbox 647 4212 796 4280; x_wconf 81' lang='lat' dir='ltr'>ternpore:</span> <span class='ocrx_word' id='word_1_258' title='bbox 816 4226 930 4281; x_wconf 75' lang='lat' dir='ltr'>seraper</span> <span class='ocrx_word' id='word_1_259' title='bbox 944 4206 1007 4261; x_wconf 67' lang='lat' dir='ltr'>latus</span> <span class='ocrx_word' id='word_1_260' title='bbox 1021 4208 1084 4281; x_wconf 78' lang='lat' dir='ltr'>ejus</span> <span class='ocrx_word' id='word_1_261' title='bbox 1100 4209 1128 4263; x_wconf 90' lang='lat' dir='ltr'>in</span> <span class='ocrx_word' id='word_1_262' title='bbox 1142 4228 1191 4265; x_wconf 86' lang='lat' dir='ltr'>ore</span> <span class='ocrx_word' id='word_1_263' title='bbox 1207 4229 1280 4266; x_wconf 82' lang='lat' dir='ltr'>meo.</span> 
     </span>
     <span class='ocr_line' id='line_1_42' title="bbox 72 4286 1258 4356; baseline 0.005 -14"><span class='ocrx_word' id='word_1_264' title='bbox 72 4287 104 4343; x_wconf 83' lang='lat' dir='ltr'>l&#39;.</span> <span class='ocrx_word' id='word_1_265' title='bbox 133 4286 172 4342; x_wconf 87' lang='lat' dir='ltr'>ln</span> <span class='ocrx_word' id='word_1_266' title='bbox 188 4286 339 4344; x_wconf 80' lang='lat' dir='ltr'>Domino&#39;</span> <span class='ocrx_word' id='word_1_267' title='bbox 354 4287 525 4344; x_wconf 86' lang='lat' dir='ltr'>laudabitur</span> <span class='ocrx_word' id='word_1_268' title='bbox 538 4287 638 4343; x_wconf 74' lang='lat' dir='ltr'>antima</span> <span class='ocrx_word' id='word_1_269' title='bbox 652 4307 733 4343; x_wconf 77' lang='lat' dir='ltr'>nien:</span> <span class='ocrx_word' id='word_1_270' title='bbox 756 4288 880 4343; x_wconf 81' lang='lat' dir='ltr'>audiant</span> <span class='ocrx_word' id='word_1_271' title='bbox 894 4290 1051 4356; x_wconf 81' lang='lat' dir='ltr'>mansneti,</span> <span class='ocrx_word' id='word_1_272' title='bbox 1066 4298 1096 4344; x_wconf 83' lang='lat' dir='ltr'>ct</span> <span class='ocrx_word' id='word_1_273' title='bbox 1112 4289 1258 4348; x_wconf 68' lang='lat' dir='ltr'>luctentur.</span> 
     </span>
    </p>

    <p class='ocr_par' dir='ltr' id='par_1_24' title="bbox 133 4366 1282 4444">
     <span class='ocr_line' id='line_1_43' title="bbox 133 4366 1282 4444; baseline 0.005 -21"><span class='ocrx_word' id='word_1_274' title='bbox 133 4366 285 4444; x_wconf 83' lang='lat' dir='ltr'>Alleluya.</span> <span class='ocrx_word' id='word_1_275' title='bbox 336 4368 366 4427; x_wconf 84' lang='lat' dir='ltr'>V.</span> <span class='ocrx_word' id='word_1_276' title='bbox 388 4367 708 4437; x_wconf 79' lang='lat' dir='ltr'>Verritc,exsultcm11s</span> <span class='ocrx_word' id='word_1_277' title='bbox 729 4368 879 4425; x_wconf 88' lang='lat' dir='ltr'>Domino:</span> <span class='ocrx_word' id='word_1_278' title='bbox 897 4368 1060 4443; x_wconf 78' lang='lat' dir='ltr'>jubilemus</span> <span class='ocrx_word' id='word_1_279' title='bbox 1076 4369 1139 4425; x_wconf 82' lang='lat' dir='ltr'>Deo</span> <span class='ocrx_word' id='word_1_280' title='bbox 1157 4372 1282 4429; x_wconf 83' lang='lat' dir='ltr'>solutari</span> 
     </span>
    </p>
   </div>
   <div class='ocr_carea' id='block_1_10' title="bbox 65 4457 789 4615">
    <p class='ocr_par' dir='ltr' id='par_1_25' title="bbox 65 4457 789 4615">
     <span class='ocr_line' id='line_1_44' title="bbox 65 4457 789 4542; baseline 0.044 -33"><span class='ocrx_word' id='word_1_281' title='bbox 65 4457 184 4509; x_wconf 87' lang='lat' dir='ltr'>nostro.</span> <span class='ocrx_word' id='word_1_282' title='bbox 576 4497 587 4520; x_wconf 89' lang='lat'><strong>·</strong></span> <span class='ocrx_word' id='word_1_283' title='bbox 605 4497 672 4542; x_wconf 70' lang='lat' dir='ltr'>ns...</span> <span class='ocrx_word' id='word_1_284' title='bbox 690 4497 718 4541; x_wconf 80' lang='lat' dir='ltr'>ln</span> <span class='ocrx_word' id='word_1_285' title='bbox 732 4496 789 4541; x_wconf 73' lang='lat' dir='ltr'>nen</span> 
     </span>
     <span class='ocr_line' id='line_1_45' title="bbox 433 4575 455 4615; baseline 0.091 -1"><span class='ocrx_word' id='word_1_286' title='bbox 433 4575 455 4615; x_wconf 83' lang='lat' dir='ltr'>n</span> 
     </span>
    </p>
   </div>
   <div class='ocr_carea' id='block_1_11' title="bbox 0 0 1440 4920">
    <p class='ocr_par' dir='ltr' id='par_1_26' title="bbox 0 0 1440 4920">
     <span class='ocr_line' id='line_1_46' title="bbox 0 0 1440 4920; baseline 0 0"><span class='ocrx_word' id='word_1_287' title='bbox 0 0 1440 4920; x_wconf 95' lang='lat' dir='ltr'> </span> 
     </span>
    </p>
   </div>
  </div>
 </body>
</html>
