2804 4920
399 359 503 425 Faria
516 359 558 426 oi.
575 360 618 426 in
632 361 686 427 die
700 363 907 430 Poroooeoee.

414 525 462 584 De
475 528 606 602 parentis
619 529 796 606 protoplasti

456 607 559 666 fraude
573 608 652 668 faeta
664 610 829 684 condolens,

364 734 366 738 Α
414 688 541 758 Quando
555 691 635 767 pomi
647 692 776 749 noxialis

456 777 551 829 morte
564 790 663 830 morsu
677 773 797 844 corruit,

415 850 485 928 Ipse
499 852 613 930 lignum
626 859 699 911 tunc
713 855 830 912 notavit

455 932 564 991 damna
576 934 651 1011 ligni
665 941 699 992 ut
712 935 846 992 solveret

113 1011 183 1069 Ant.
228 1008 312 1069 Crux
325 1010 427 1070 fidelis.

417 1133 486 1191 Hoc
499 1153 571 1211 opus
588 1140 697 1192 nostrae
711 1135 816 1193 salutis

458 1215 530 1272 ordo
543 1215 760 1292 depoposcerat,

419 1295 616 1353 Multiformis
630 1296 788 1374 proditoris

459 1395 507 1433 ars
520 1382 555 1434 ut
568 1383 663 1434 artem
676 1378 811 1451 falleret3

418 1456 460 1515 Et
473 1457 616 1515 medelam
629 1457 720 1516 ferret
732 1459 803 1517 inde

459 1538 553 1596 hostis
567 1539 646 1597 unde
660 1539 782 1598 laeserat

111 1616 185 1676 Ant.
229 1616 313 1676 Crux
326 1617 428 1677 fidelis.

420 1741 545 1810 Quando
560 1741 643 1798 venit
657 1761 725 1818 ergo
743 1741 819 1799 sacri

460 1822 613 1897 plenitudo
632 1823 782 1898 temporis,

421 1901 531 1960 Missus
544 1909 589 1960 est
602 1903 640 1960 ab
653 1923 718 1960 aree
734 1903 833 1961 Patris

461 1983 567 2053 Natus,
581 1984 660 2042 orbis
674 1984 817 2057 eonditor,

421 2064 525 2140 Atque
539 2072 642 2122 ventre
654 2065 795 2141 virginali

462 2164 529 2202 caro
542 2146 637 2204 sactus
650 2146 769 2222 prodiit.

115 2223 186 2282 Ant.
231 2222 316 2283 Crux
329 2224 430 2283 fidelis

424 2349 532 2408 Lustra
544 2371 598 2410 sex
612 2352 663 2430 qui
680 2353 743 2428 jam
757 2357 876 2428 peraeta

464 2440 580 2508 tempus
594 2433 719 2508 implens
733 2434 869 2510 corporis,

423 2512 461 2570 So
474 2512 592 2570 volente
606 2521 694 2571 natus
707 2515 745 2571 ad
757 2514 813 2573 hoe

463 2594 592 2669 passioni
605 2594 729 2664 deditus,

422 2673 529 2750 Agnus
543 2675 575 2731 in
589 2694 674 2733 eruoe
687 2676 804 2733 levatur

463 2755 661 2814 immolandus
674 2757 783 2832 stipite.

118 2834 189 2893 Ani
235 2832 319 2893 Crux
331 2834 433 2893 fidelis.

424 2957 487 3016 Hie
500 2964 625 3032 acetum,

54 3047 84 3098 et
98 3038 182 3097 oeteri
195 3058 303 3110 meru,
317 3039 345 3097 si
357 3058 464 3097 necesse
476 3039 583 3114 suerit.

119 3155 292 3232 Sequuntur
304 3157 371 3213 duoe
384 3155 567 3233 Antipltmtoe.

121 3236 205 3294 Dum
228 3236 388 3295 fabrioator
409 3238 514 3295 mundi
537 3237 641 3294 mortis
662 3237 839 3314 supplicium
862 3242 1015 3313 pateretur
1037 3236 1071 3293 in
1094 3254 1187 3307 eruce,
1210 3233 1267 3293 ela·

59 3337 145 3375 mans
163 3337 236 3376 voce
252 3338 361 3396 magns
377 3319 501 3376 tradidit
523 3319 717 3395 spiritumet
738 3338 803 3376 ecoe
819 3318 919 3376 velum
941 3315 1047 3394 templi
1068 3316 1191 3375 scissum
1212 3322 1264 3389 est,

61 3405 255 3457 monumenta
272 3406 376 3477 aperta
388 3407 459 3458 sunt
465 3420 474 3472 3
494 3405 580 3456 terrae
601 3409 700 3457 motus
714 3401 793 3457 enim
813 3399 909 3457 faetus
929 3399 1028 3456 fuerat
1046 3417 1181 3475 magnus,
1195 3396 1267 3474 quia

62 3487 187 3538 mortem
210 3480 283 3537 Filii
305 3480 364 3538 Dei
384 3481 531 3538 clamabat
554 3481 683 3538 mundus
704 3501 735 3538 se
759 3480 905 3538 sustinere
928 3499 989 3537 non
1013 3498 1105 3556 posse.
1148 3479 1266 3555 Aperte

63 3580 131 3638 ergo
152 3561 260 3619 militis
283 3561 384 3620 lancea
402 3563 493 3620 latere
515 3563 650 3620 crucifixi
667 3561 799 3633 Domini,
817 3561 913 3619 exivit
934 3561 1054 3639 sanguis
1078 3566 1109 3618 et
1133 3579 1219 3637 aqua,
1233 3559 1268 3617 iu

64 3643 296 3719 redemptionem
310 3643 414 3700 salutis
428 3651 542 3701 nostros.

70 3733 98 3791 V.
128 3736 155 3792 0
183 3735 357 3793 admirabile
391 3736 529 3813 pretium,
563 3737 648 3812 eujus
682 3734 810 3811 pondere
843 3734 1003 3811 eaptivitas
1036 3734 1189 3811 redempta
1222 3739 1269 3792 est

65 3816 167 3873 mundi
175 3835 184 3888 3
213 3822 344 3875 tartarea
360 3816 509 3875 confracta
526 3824 598 3874 sunt
611 3817 740 3875 claustra
752 3815 881 3889 inferni;
900 3821 1003 3892 apertu
1016 3822 1062 3873 est
1074 3816 1159 3873 nobis
1173 3815 1269 3891 janua

65 3913 155 3974 regnu

123 3978 230 4037 Poma
242 3999 263 4036 a
275 3978 476 4038 Saoerdotetm
488 3986 589 4037 saneto
604 3978 688 4037 Crux
700 3987 767 4035 onte
787 3977 894 4035 ortium
913 3976 1038 4052 sepulcri
1056 3977 1227 4052 deportetur,
1243 3985 1270 4034 et

65 4055 178 4117 lavetur
191 4079 258 4117 cum
270 4060 338 4117 vino
352 4068 377 4117 et
391 4081 478 4135 aquo,
494 4069 520 4117 et
536 4059 622 4117 linteo
642 4068 780 4134 torpatur,
796 4057 889 4118 Choro
908 4058 1027 4116 iuterim
1045 4058 1188 4117 submusa
1206 4075 1271 4115 voce

63 4149 199 4198 contante
212 4140 256 4198 vel
262 4140 365 4216 potius
377 4140 551 4199 &manante
564 4139 614 4198 too
629 4140 864 4216 Rapommom.

126 4232 267 4291 Tenebrae
279 4232 364 4291 ssotae
377 4240 448 4293 suut
458 4232 533 4303 dun
550 4233 764 4293 erucifixissent
778 4232 800 4290 J
800 4252 883 4290 esum
896 4230 919 4289 J
921 4231 1005 4303 udaei,
1021 4237 1052 4290 et
1071 4230 1148 4289 cirea
1167 4231 1271 4289 horam

66 4329 176 4370 nonam
189 4313 367 4372 exclamavit
376 4312 398 4371 J
399 4332 466 4387 amq
474 4332 546 4395 pm
557 4332 673 4390 magna,
684 4313 766 4371 Deus
781 4333 862 4371 meus
875 4319 910 4370 ut
924 4313 996 4389 quid
1009 4332 1057 4370 rne
1070 4311 1272 4390 dereliquistil

63 4400 100 4450 et
119 4393 261 4453 inclinato
284 4394 389 4472 eapite,
410 4392 510 4481 aad,
573 4394 580 4409 '
600 4395 681 4452 ‘tum
739 4394 823 4452 Tune
842 4413 921 4452 unus
940 4412 979 4451 ex
1002 4392 1148 4451 militibus
1171 4394 1273 4452 laneea

66 4469 146 4535 letus
159 4475 222 4553 ejus
234 4474 405 4555 perforavit,
418 4480 452 4565 pt
463 4552 481 4561 ..
497 4550 512 4571 h
565 4470 605 4541 uo
618 4475 715 4535 exivit
727 4474 847 4553 sanguis
860 4482 891 4533 et
903 4493 987 4552 aqua
