2804 4920
595 299 691 365 Festa
712 300 917 387 Scptcoabris

503 464 525 522 J
526 484 593 523 estis
607 472 716 538 noster,
729 466 751 525 J
753 487 820 525 osus
832 468 934 541 bonus,

544 546 606 604 Pioe
621 548 724 605 matris
738 548 821 625 pium
834 568 918 622 onus,

544 626 636 703 Oujus
649 636 695 685 cst
708 628 739 685 in
753 629 824 686 caelo
837 630 972 703 thronus,

543 707 686 767 Nascitur
698 709 731 765 in
744 710 868 769 stabulo

503 787 562 858 Qui
577 791 618 847 sic
632 797 677 847 est
691 809 744 866 pro
758 791 843 849 nobis
856 799 953 864 natira,

542 869 669 927 Nostros
682 870 779 928 diluat
792 878 899 945 reatus,

542 950 620 1020 Quia
633 957 734 1008 noster
746 952 892 1011 incolatus

542 1031 603 1089 Hic
616 1031 705 1089 estin
720 1033 855 1109 periculo.

664 1202 728 1260 Dm
748 1201 847 1263 Jov1s.

355 1281 519 1354 chtoema'a.

505 1363 609 1421 Gaude
623 1363 682 1421 Dei
696 1366 840 1440 genetrix,

544 1444 648 1502 Gaude
661 1445 731 1503 vita
745 1449 920 1524 reparatrix,

544 1524 727 1603 Reginorum
741 1527 923 1605 imperatrix.

506 1606 610 1664 Gaude
624 1607 695 1664 vitis
708 1608 862 1668 fructifera

543 1686 647 1745 Dulcis
657 1688 766 1761 fructu,
777 1690 866 1749 odore
875 1690 1051 1769 gratissima,

464 1804 472 1821 .
544 1767 601 1825 Cui
615 1769 723 1827 cedunt
738 1771 838 1829 omnia
850 1780 991 1831 aromata

545 1848 589 1907 Tu
604 1850 727 1925 pulchra
741 1871 770 1909 es
784 1862 819 1909 ut
834 1852 972 1930 Cynthia,

544 1930 585 1987 Et
594 1930 678 1988 volut
692 1933 735 1990 sol
746 1933 873 2005 radians,
883 1934 1036 2010 praeclecta
1043 1955 1051 2007 ;

543 2010 705 2085 Terribilis,
714 2023 751 2072 ut
764 2014 895 2091 phalanx
906 2016 1049 2074 ordinata.

543 2091 680 2169 Speciosa
693 2100 724 2152 et
738 2096 837 2153 suavis

543 2173 612 2229 Sola
626 2174 709 2251 virgo
723 2182 818 2233 mater
831 2176 863 2232 in
877 2175 997 2248 deliciis,

542 2253 721 2313 Veneranda
734 2256 848 2314 civibus
861 2257 1010 2333 angelicis,

542 2333 637 2392 Nobis
651 2354 786 2394 succurre
799 2338 921 2409 miseris,

542 2414 574 2471 N
575 2434 591 2472 e
604 2416 779 2476 damnemur
791 2438 859 2476 cum
873 2419 991 2496 impiis,

542 2495 600 2553 Sed
615 2506 752 2574 percepta
765 2499 860 2571 venia,

543 2575 580 2632 In
596 2578 705 2635 calesti
720 2581 816 2655 patria

544 2657 746 2717 llecantcmus
759 2681 860 2718 omnes

544 2739 694 2814 Alleluyu,

632 2925 695 2983 Dra
717 2927 866 2987 Vannius,

209 3039 371 3116 Sequentia.
416 3040 530 3098 Summi
559 3042 642 3118 regis,
668 3051 701 3099 ut
725 3063 815 3118 aspre
839 3045 873 3102 in
900 3047 947 3103 die
978 3046 1092 3106 l'eneris
1116 3049 1202 3124 infre
1234 3054 1357 3111 Ocrea-<rs

150 3121 373 3198 Acatunptionis.

635 3220 698 3278 Dm
719 3222 859 3281 Saeuam.

210 3325 373 3401 Sequentia.
417 3325 578 3383 Benedicta
598 3346 628 3384 es
649 3328 785 3385 oaelorum
810 3330 919 3406 regina,
941 3341 975 3388 ut
997 3352 1089 3408 cupre
1111 3336 1144 3392 iu
1165 3336 1213 3396 dte
1234 3340 1355 3397 tt'ublmli

149 3405 232 3483 infra
248 3407 370 3465 Octa-eus
382 3406 606 3482 Assecvnpcionia

264 3600 314 3656 Da
335 3613 448 3655 sarcre
469 3596 641 3668 Goncomo,
665 3613 818 3667 niarrna,
841 3600 987 3657 vacatoria.
1032 3600 1246 3680 (v.1d.Scpt.)

213 3707 321 3764 Oratio,

210 3789 335 3846 Sanctus
363 3785 537 3861 Gorgonius,
566 3785 703 3856 Domine,
733 3792 848 3860 martyr
881 3792 951 3843 tuus
980 3807 1033 3843 suu
1060 3807 1114 3845 nos
1142 3789 1353 3851 intercessione

147 3867 286 3939 letificet,
302 3873 333 3925 et
346 3866 396 3943 pia
409 3867 497 3924 faciut
510 3866 708 3923 sollemnitate
721 3866 856 3942 gaudere.
900 3867 958 3924 Per
972 3868 1145 3927 Dominum.

210 3950 329 4008 Secreto.

210 4030 304 4089 Grata
316 4028 373 4086 tibi
387 4028 436 4098 sit,
450 4028 587 4100 Domine,
603 4048 778 4104 quaesumus,
794 4035 901 4086 nostrae
915 4029 1068 4088 servitutis
1087 4031 1208 4105 oblatio,
1224 4054 1280 4111 pro
1296 4058 1352 4115 qua

148 4119 268 4172 sanctus
282 4110 450 4186 Gorgonius
463 4115 578 4184 martyr
590 4116 661 4166 tuus
674 4109 861 4168 interveniat.
905 4110 964 4168 Per
978 4111 1150 4172 Dominum.

209 4190 451 4251 Posteammunio.

210 4273 367 4332 Familiam
386 4278 480 4342 tuam,
496 4269 631 4343 Domine,
647 4271 778 4329 suavitas
801 4272 854 4330 illa
875 4273 1029 4351 contingat
1051 4281 1082 4332 et
1104 4284 1231 4352 vegetet,
1247 4301 1309 4359 qua
1323 4283 1352 4339 in

148 4363 279 4432 martyre
303 4361 356 4412 tuo
381 4351 530 4430 Gorgonio
551 4351 663 4410 Christi
684 4353 731 4409 tui
752 4354 830 4411 bono
853 4354 942 4412 odore
959 4355 1076 4434 jugiter
1095 4365 1242 4435 pascatur.
1297 4362 1354 4420 Per

149 4437 321 4495 Dominum.
