2806 4920
558 327 653 390 Festo
675 325 777 391 delii.
1207 330 1270 392 283

127 489 370 548 postcommunio.

127 569 264 648 Protege,
281 572 417 645 Domine,
437 573 580 650 populum
602 580 698 643 tuum,
713 580 744 631 et
765 573 963 650 apostolorum
988 581 1108 632 tamum
1135 575 1219 631 Petri
1239 581 1269 631 et

57 649 156 708 Pauli
171 652 334 728 patrocinio
348 653 545 711 confidentem
558 664 701 732 perpetua
714 655 884 713 defensione
897 675 1044 715 conserva
1088 655 1153 714 Per.

103 825 146 882 Iu
168 825 404 885 Tuausmmoua
425 843 530 886 susem
553 828 935 901 Taoum,sncu1se1seor1
958 830 1213 889 Cnuruamrusrs.

576 927 668 1005 (Non.
683 927 705 984 J
708 927 762 1006 ul.)

126 1028 270 1105 Officium.
313 1030 500 1088 Gaudeamus
513 1051 622 1091 omues.

125 1111 292 1168 Paulusne*
332 1112 422 1184 Deus,
438 1121 584 1171 venerunt
596 1121 706 1190 gentes

126 1191 235 1267 Kyrie,
251 1193 325 1250 Lux.

127 1272 238 1331 Oratio.

126 1354 219 1426 Deus,
244 1355 297 1432 qui
323 1354 409 1411 nobis
435 1355 659 1414 tramlationem
687 1357 767 1415 beati
794 1357 913 1415 Thomas
940 1356 1080 1433 martyris
1109 1357 1154 1414 tui
1180 1363 1272 1433 utque

58 1435 214 1512 pontificis
227 1436 374 1493 celebrare
387 1438 531 1509 concedis,
545 1444 576 1495 te
596 1439 769 1514 suppliciter
785 1457 950 1508 exoramus,
965 1445 1001 1495 ut
1021 1438 1085 1513 ejus
1104 1437 1219 1495 meritis
1239 1445 1270 1494 et

59 1516 203 1592 precibus
215 1536 233 1574 a
247 1517 331 1574 vitiis
344 1515 382 1573 ad
395 1516 523 1576 virtutes
537 1525 567 1576 et
581 1538 598 1576 a
612 1539 726 1577 carcere
743 1519 957 1578 transferamur
977 1519 1015 1576 ad
1037 1538 1167 1596 reguum.
1210 1518 1270 1575 Per

60 1597 239 1655 Dominum.

124 1677 269 1754 Epiotodz,
286 1688 312 1737 et
326 1688 416 1738 cetera
430 1681 530 1738 munio
543 1690 576 1739 ut
589 1681 624 1738 in
637 1682 696 1739 ulio
710 1681 803 1753 Festo,
818 1681 879 1739 dore
894 1680 996 1739 credo.

124 1759 276 1833 I’roefotio.
321 1760 361 1818 Et
375 1761 631 1820 communicantes.

123 1840 282 1915 Soporem
295 1850 391 1899 &tmen
405 1843 446 1900 sic
459 1842 630 1918 incipiatur,
647 1843 765 1901 Gaudet
781 1843 850 1901 hinc
865 1842 1003 1900 Ecclesia.

125 1921 319 1995 Offertooium
363 1923 502 1997 Posuisti,
518 1924 653 1982 Domine.

123 2003 246 2062 Secreto.

124 2085 217 2156 Deus,
235 2085 287 2162 qui
308 2104 415 2162 panem
437 2094 468 2144 et
492 2086 596 2143 vinum
620 2087 653 2144 in
675 2107 780 2164 coquus
801 2094 888 2143 tuum
911 2093 942 2143 et
965 2085 1137 2161 sanguinem
1159 2084 1268 2141 caelcsti

60 2165 269 2224 benedictione
296 2169 452 2238 convertis,
476 2168 599 2225 concede
627 2169 783 2245 propitius,
808 2177 843 2225 ut
870 2169 907 2224 ad
932 2176 1015 2226 tuam
1040 2165 1266 2223 mise1icordimn

60 2255 248 2305 recurrentes
261 2256 313 2305 tuo
327 2250 436 2325 placito
450 2249 673 2308 conformemur.
718 2250 777 2318 Qui
792 2249 876 2305 viris.

123 2327 307 2386 Coruncanio.
351 2331 414 2409 Ego
427 2351 492 2389 sum
506 2339 606 2407 pastor
620 2332 721 2388 bouus.

124 2410 367 2472 Posteommunio.

123 2491 216 2563 Deus,
241 2493 293 2569 qui
315 2493 435 2550 beatum
462 2493 606 2550 Thomam
633 2499 794 2568 martyrem
822 2498 909 2549 tuum
937 2497 1026 2566 atque
1054 2490 1223 2566 pontificem
1250 2510 1268 2545 a

60 2571 215 2648 suppliciis
228 2572 267 2630 ad
283 2573 392 2650 gaudia
409 2574 599 2644 transtulisti,
615 2574 714 2630 tribue
728 2593 905 2650 quaesumus
921 2580 955 2628 ut
973 2571 1026 2647 qni
1043 2571 1267 2627 translationem

58 2653 123 2727 ejus
138 2672 316 2712 veneramur
329 2654 361 2711 in
375 2655 473 2725 torris,
487 2675 540 2732 per
553 2655 616 2731 ejus
633 2656 830 2732 patrocinium
844 2654 882 2711 ad
896 2653 1023 2710 eaelestia
1044 2650 1265 2710 transferamur.

59 2732 127 2790 Per.

252 2850 364 2910 Sauum
386 2852 573 2924 Gammnor,
595 2868 802 2911 courmsoms.
847 2851 919 2930 (viii
936 2850 983 2908 Id.
998 2849 1020 2909 J
1023 2850 1075 2925 ul.)

121 2954 265 3031 Officium.
308 2957 479 3016 Sacerdotes
494 2957 560 3017 Dei.

122 3036 259 3097 Oratio.†

120 3120 213 3189 Dens,
229 3120 282 3196 qui
302 3119 447 3178 eximium
468 3121 608 3197 praeconii
628 3121 675 3178 tui
695 3119 873 3177 sacerdotem
896 3117 1102 3176 Grimbaldum
1123 3115 1265 3173 hodierna

58 3199 107 3257 die
130 3201 269 3259 caelorum
293 3220 384 3278 regna
407 3211 561 3278 penetrare
582 3201 686 3272 fecisti,
719 3208 789 3258 vota
811 3209 912 3257 nostra
941 3200 1097 3256 miseratus
1119 3198 1265 3267 admitte5

59 3288 94 3338 ut
106 3301 161 3339 nos
174 3300 194 3339 s
206 3289 393 3359 peccatorum
406 3289 575 3340 nostrorum
588 3282 716 3340 uinculis
730 3280 879 3338 absolutos
893 3281 974 3337 illius
994 3280 1044 3356 pia
1057 3278 1265 3336 intercessione

57 3362 97 3419 ab
110 3362 194 3419 omni
206 3381 321 3439 semper
333 3362 512 3420 adversitate
526 3363 680 3420 custodias.
725 3363 790 3418 Per.

120 3441 263 3518 Epistola
307 3443 400 3501 Dedit
415 3444 569 3500 Dominus.

122 3523 257 3583 Grodolc.
301 3524 424 3582 Juravit
437 3525 593 3584 Dominus.

64 3605 94 3663 Γ.
118 3605 206 3663 Dixit
222 3605 369 3663 Dominus
384 3606 513 3662 Domino
528 3625 600 3663 meo.

120 3685 270 3762 Alleluya.
320 3686 347 3746 l'.
370 3686 391 3745 J
394 3693 479 3743 ustus
492 3686 677 3762 germinabit.

120 3766 322 3842 Emrurelium.
367 3767 432 3824 Vos
446 3770 516 3825 estis
530 3767 572 3825 sal
589 3774 681 3825 terrie.

120 3846 314 3922 offertorium.
357 3847 486 3906 Veritas.

118 3930 239 3989 merea.

119 4010 248 4068 Munera
274 4011 341 4082 tibi,
371 4010 509 4081 Domine,
538 4010 638 4068 oblata
671 4009 840 4081 sanctifiea3
875 4016 905 4067 et
939 4010 1140 4066 intercedente
1174 4009 1264 4065 beato

54 4091 231 4151 Grimbaldo
245 4091 408 4150 confessore
429 4098 490 4161 tuo,
505 4112 558 4169 per
571 4093 673 4150 eadem
687 4111 741 4148 nos
754 4091 887 4168 placatus
901 4091 1029 4147 intende.
1074 4091 1138 4147 Per.

118 4172 304 4232 Commutato.
348 4173 460 4250 Magna
474 4178 557 4231 est'

116 4304 129 4328 ⁶
145 4300 306 4359 bid-Deus,
317 4301 373 4360 quis
383 4301 507 4346 habitabit.

115 4360 306 4422 rus-usus,
324 4361 367 4420 qni
383 4361 478 4406 beatum
495 4361 663 4407 Grinrlraldum
681 4361 817 4406 sanctitatis
836 4360 913 4418 gretia
931 4358 1057 4415 decorasti,
1073 4358 1151 4416 ipsius
1166 4357 1264 4403 moritis:

53 4421 95 4467 iac
105 4434 152 4466 nos
160 4420 233 4466 bonis
242 4420 357 4479 operibus
365 4419 495 4475 sbnndaro,
506 4426 529 4466 et
540 4421 651 4476 concedo,
661 4425 689 4466 ut
699 4422 767 4479 cujus
783 4434 885 4464 annuam
902 4417 1063 4463 celebritatem
1073 4417 1168 4462 devotis
1177 4418 1260 4462 exsul-

53 4486 136 4529 tmus
145 4478 240 4538 officiis,
248 4480 303 4540 cius
312 4479 436 4537 sufingas
447 4479 508 4525 dona
518 4484 564 4525 tim
575 4481 660 4537 gratim
670 4493 852 4539 consequemur.
886 4479 937 4522 Par.
