2804 4920
391 300 578 393 nemmem
604 302 644 368 in
671 305 973 402 Quiuquupesimo.
1223 308 1266 399 {39

112 471 284 537 Secundum
294 472 410 554 Lumen
423 471 525 549 (xviii.
543 474 662 549 3443).

54 579 58 589 ·
114 553 155 610 In
171 552 225 610 illo
246 559 388 630 tempore,
405 553 579 630 Assumpsit
595 555 618 613 J
619 574 686 614 esus
702 557 857 616 duodecim
876 559 1045 635 discipulos,
1063 564 1094 616 et
1118 558 1162 615 ait
1185 551 1266 629 illisj

50 634 130 773 &ode
143 634 330 773 asossndimus
344 634 583 712 Hierosolymam
598 656 689 712 eraque
703 640 744 696 od
759 640 799 697 Et
813 640 909 697 omnis
922 640 1013 716 plebs,
1029 644 1065 696 ut
1078 638 1167 711 vidit,
1181 637 1264 696 dedit

82 736 103 773 u
124 735 173 773 em
218 735 263 774 eo.
351 770 355 776 .
914 724 921 735 '

55 799 57 802 ’
116 793 313 871 offertorium.

114 877 296 936 Benedictus
310 897 349 951 es,
366 879 495 937 Domine
506 899 516 952 ;
529 879 599 938 doce
614 900 662 938 me
671 882 900 958 justificationes
911 888 987 940 tuas.
1029 880 1210 939 Benedictus
1224 899 1263 953 ea,

52 959 186 1017 Domine
198 979 208 1032 ;
228 959 299 1017 (loce
312 979 361 1018 me
372 960 601 1038 justificationes
609 969 681 1041 ¹tuas
694 983 701 1022 ε
722 965 755 1022 in
769 964 857 1022 labiis
870 964 944 1022 meis
957 962 1152 1041 pronunciavi
1166 960 1266 1020 omnia

47 1040 167 1118 judicia
180 1040 240 1098 oris
254 1040 310 1098 tui.
1206 1047 1208 1051 ’

56 1126 60 1131 ’
116 1121 240 1180 Secreta

117 1202 193 1260 Haeo
206 1202 313 1274 hostia,
327 1221 503 1279 quaesumus,
520 1204 658 1278 Domine,
673 1207 815 1264 emundet
828 1214 931 1264 nostra
944 1205 1070 1276 delicta;
1084 1213 1115 1263 et
1128 1205 1166 1263 ad
1181 1205 1266 1263 sacri·

53 1283 157 1342 ficium
170 1283 379 1342 celebrandum
392 1285 580 1342 subditorum
593 1287 651 1344 tibi
664 1298 785 1365 corpora
804 1294 976 1364 mentesque
993 1286 1164 1344 sanctificet.
1209 1285 1268 1343 Per

53 1365 233 1423 Dominum.
1207 1369 1209 1375 ’

119 1444 302 1505 Communia.

118 1527 388 1601 Manducaverunt,
403 1536 435 1586 et
447 1530 575 1586 saturati
588 1537 660 1588 sunt
673 1530 784 1590 nimis:
804 1538 835 1589 et
848 1529 1027 1590 desiderium
1042 1548 1145 1588 sorum
1158 1527 1268 1586 attulit

51 1609 98 1668 eis
110 1608 262 1688 ¹Dominus
276 1627 284 1668 ε
300 1628 362 1666 non
375 1615 447 1667 sunt
460 1609 592 1668 fraudati
605 1630 623 1670 a
636 1612 781 1670 desiderio
795 1631 859 1671 suo.

52 1714 61 1725 ·
118 1690 364 1765 Postoommunio.
456 1694 458 1698 ’

120 1771 306 1843 Quaesumus,
325 1772 512 1849 omnipotens
536 1772 628 1845 Daue,
644 1780 680 1832 ut
699 1775 750 1851 qui
772 1774 899 1831 celestia
916 1773 1059 1831 alimenta
1076 1770 1273 1850 percepimus,

50 1871 111 1930 por
123 1851 186 1910 haee
199 1858 303 1910 contra
317 1853 417 1911 omnia
429 1853 553 1912 adversa
567 1854 744 1913 muniamur.
792 1856 850 1911 Per
864 1855 1041 1912 Dominum.

367 2086 466 2144 Fama
487 2087 617 2157 Qunam
639 2103 671 2144 m
693 2088 809 2145 Carirn
829 2089 968 2146 Jnounn.

119 2241 193 2299 Post
208 2249 319 2298 semrom
331 2239 435 2298 lorum
448 2241 559 2299 dictem
575 2241 735 2317 Episcopum
748 2262 815 2299 escon
833 2241 984 2299 Minmtria
996 2239 1059 2298 sues
1073 2238 1214 2315 procedat
1233 2237 1274 2294 ad

52 2322 160 2398 nsnjos
180 2320 291 2392 Aleae,
314 2321 410 2397 ibiqere
434 2342 532 2380 corum
557 2322 658 2380 Alcaei
676 2330 843 2399 prostratus
866 2321 919 2381 ereb
936 2321 1051 2380 sderuio
1069 2319 1149 2378 dicct
1170 2319 1276 2394 septem

52 2401 416 2480 Psalmospoenucnciaea
425 2403 488 2461 eine
502 2411 591 2462 coma
600 2426 610 2463 .·
632 2402 745 2462 Olcoruc
757 2404 891 2463 discinde
900 2422 963 2462 uoce
972 2400 1275 2475 ultioniidanjociat.

58 2553 63 2562 ,
122 2484 262 2556 Domine,
276 2503 313 2541 nc
327 2484 360 2541 in
372 2484 482 2543 furore.
529 2483 640 2543 Gloria.
683 2485 770 2543 Beati
784 2504 924 2561 quorum.
966 2483 1080 2542 Gloria,

121 2565 261 2636 Domine,
277 2584 315 2622 ne
328 2565 360 2622 in
374 2564 484 2624 furore.
527 2565 630 2623 Gloria
681 2566 823 2624 Miserere
836 2567 903 2623 mei.
965 2563 1076 2622 Gloria.

121 2646 254 2704 Domine
267 2644 383 2704 exaudi.
436 2647 437 2651 ’
529 2646 641 2705 Gloria.
682 2647 728 2705 Dc
742 2647 905 2723 profundis.
966 2644 1077 2703 Gloria.

121 2727 263 2799 Domine,
278 2726 395 2786 exaudi
527 2728 637 2785 Gloria

122 2807 238 2868 Finitis
258 2808 388 2867 Psalmis
410 2808 482 2867 Aret.
524 2808 573 2866 Ne
593 2809 800 2880 reminiscaris,
823 2807 960 2879 Domine,
976 2805 1084 2864 delicta
1104 2808 1206 2861 nostra
1228 2801 1276 2860 vel

55 2896 221 2970 parentum
235 2895 405 2948 nostrorum
419 2910 426 2949 :
446 2909 543 2966 neque
556 2889 720 2949 vindictam
735 2909 834 2947 sumas
847 2889 884 2947 de
897 2887 1025 2965 peccatis
1038 2885 1158 2943 nostris.

226 2969 325 3046 Kyrie
338 2972 465 3047 eleyson
509 2970 628 3030 Christe
641 2971 773 3047 eleyson.
818 2969 915 3047 Kyrie
929 2969 1056 3045 eleyson.

227 3050 319 3110 Pater
331 3060 440 3110 noster.

123 3132 290 3210 Episcopus
302 3134 415 3208 eripere
426 3154 456 3191 sc
470 3152 569 3192 vernos
576 3133 724 3211 polsnicam
737 3132 800 3192 ullo
813 3153 877 3193 voce
890 3131 970 3191 dicat
981 3155 991 3191 .·

124 3215 288 3273 Eteonos
302 3215 422 3272 inducas
436 3215 468 3272 in
482 3215 687 3274 tentationem.

125 3295 241 3381 Chorus
253 3296 423 3372 repom
434 3320 444 3355 .·
465 3296 523 3354 Sed
536 3296 630 3354 libera
645 3316 698 3354 nos
711 3316 730 3353 a
743 3295 831 3357 malo.

125 3376 231 3435 Salvos
244 3376 291 3435 fae
304 3397 404 3435 servos
418 3384 486 3434 tuos
500 3385 531 3435 et
543 3377 666 3435 ancillas
680 3384 747 3436 tuas
761 3399 768 3435 ε

125 3457 210 3522 Deus
219 3477 317 3529 mens,
331 3465 482 3534 sperantes
496 3459 528 3515 in
542 3465 580 3516 te.

126 3539 265 3609 Domine,
281 3539 390 3597 exaudi
404 3541 568 3598 orationem
583 3559 688 3598 meam.

125 3620 167 3678 Et
179 3619 300 3680 clamor.

127 3701 277 3761 Dominus
291 3702 453 3761 vobiscum.

82 3800 85 3805 ·
127 3783 168 3842 nt
180 3803 250 3842 cum
264 3784 372 3859 spiritu
386 3791 450 3842 tuo.
491 3783 629 3842 Oremus.

128 3865 253 3937 Adesto,
270 3866 406 3937 Domine,
422 3865 687 3942 supplicationibus
704 3862 822 3935 nostris,
840 3879 895 3919 nec
913 3859 954 3918 sit
970 3859 1009 3918 ab
1025 3858 1072 3916 hia
1085 3855 1205 3914 famulis
1218 3853 1280 3947 tuis

81 3941 232 4004 clementiae
258 3952 319 4003 tuas
343 3947 505 4024 longinqua
528 3945 680 4004 miseratio
691 3963 700 4018 3
724 3963 796 4002 sana
820 3942 954 4013 vulnera,
977 3940 1137 4016 meumque
1162 3940 1281 3993 remitte

10 4090 12 4097 ,
83 4033 195 4099 premia,
210 4035 247 4085 ut
261 4026 353 4085 nullis
366 4046 384 4085 a
397 4035 428 4086 te
441 4027 652 4105 iniquitatibus
665 4026 803 4104 separati,
818 4024 875 4082 tibi
889 4022 1020 4082 Domino
1034 4038 1148 4096 semper
1161 4015 1283 4075 valeant

83 4103 226 4168 adheoere.
270 4107 337 4167 Per.

134 4188 171 4248 R.
192 4191 304 4248 Amen.

135 4269 285 4411 gamm
298 4269 452 4331 Orationes
465 4272 517 4329 suh
531 4273 626 4330 eodelr>
641 4281 708 4331 tono
713 4270 879 4349 finiantur.

140 4373 263 4507 Ειαιξθᾰὲ,
279 4432 419 4509 Domine,
434 4454 534 4512 preces
553 4442 680 4511 nostros,
692 4441 724 4494 et
742 4430 950 4493 confitentium
968 4427 1026 4486 tibi
1044 4443 1132 4505 parce
1150 4418 1288 4502 peccatis,
