2804 4920
423 339 519 403 Festo
540 337 684 424 Aprilis.
709 416 712 425 Ι

71 504 216 581 inquiunt
261 505 326 563 Vos
339 505 411 563 estis
424 505 469 563 sel
483 511 578 564 terrae.

71 587 207 647 morinus
250 586 381 644 Veritas

71 677 135 725 rem.
168 714 172 721 .

71 749 174 806 sentin
195 747 354 806 oblationis
375 756 485 806 nostrae
507 767 639 821 munere,
657 765 834 824 quaesumus,
849 747 1037 824 omnipotens
1059 744 1151 818 Dens,

71 830 170 887 Sancti
184 829 313 906 Spiritus
329 829 532 888 benedictione
552 828 714 905 pertund03
735 834 766 887 et
779 829 865 886 beato
886 827 1044 885 Ambrosio
1059 827 1154 904 ponti·

71 911 251 983 enemente,
265 911 303 968 ad
326 929 484 986 perennem
506 911 605 968 tribue
627 911 712 969 nobis
732 910 887 988 pervenire
911 908 1153 966 sanctificationis

71 1011 96 1049 n.
141 991 205 1049 Per.

71 1074 194 1130 ceraunio.
238 1071 349 1130 Beatus
362 1092 472 1130 servus

72 1154 255 1213 tcourmum'o,

71 1236 113 1303 lus
126 1254 187 1303 nos,
203 1234 341 1303 Domine,
356 1234 543 1311 perceptione
565 1234 742 1291 sacrementi
764 1238 795 1291 et
816 1233 854 1290 ab
875 1232 956 1290 omni
977 1231 1152 1307 contagione

71 1335 91 1372 n
115 1315 256 1393 purificn;
287 1322 318 1373 et
341 1316 421 1373 beuti
445 1315 598 1373 Ambrosii
619 1314 792 1372 confessoris
815 1313 862 1370 tui
889 1319 980 1390 atque
1003 1312 1152 1389 pontificis

71 1397 206 1454 consolari
219 1396 343 1465 meritis,
359 1397 443 1473 cujus
456 1415 510 1454 nos
523 1395 666 1454 doctrinis
679 1396 779 1453 erudis
792 1403 823 1453 et
836 1394 987 1471 exemplis.
1031 1394 1096 1452 Per.

149 1649 260 1707 Surcm
283 1653 456 1720 Gerulum,
477 1667 686 1710 corrnssours.
729 1652 783 1731 (iii.
799 1651 845 1710 Iu
861 1650 951 1730 Apr.)

71 1806 150 1863 :ium
194 1806 235 1863 Os
245 1806 323 1881 justi
337 1805 537 1864 meditabitur.

71 1887 118 1944 lio.

73 1989 96 2039 s,
123 1968 175 2043 qui
203 1987 256 2024 nos
285 1968 364 2025 beati
393 1967 533 2026 Guthlaci
557 1967 729 2025 confessoris
750 1968 797 2025 tni
823 1987 922 2024 nnnnn
949 1967 1148 2028 sollemnitate

70 2071 81 2121 ἢ
98 2049 223 2107 concede
237 2050 391 2125 propitius,
406 2057 442 2106 ut
455 2049 532 2106 sicut
542 2048 653 2125 illeper
666 2049 760 2107 ardun
772 2049 910 2107 solitariae
924 2049 994 2106 vitoe
1008 2049 1148 2108 instituta

94 2130 217 2188 visionis
244 2130 353 2207 gandia
379 2131 524 2206 pervenit,
547 2130 589 2186 ita
616 2130 709 2207 ipsius
737 2130 944 2188 intercessione
971 2129 1010 2188 ad
1044 2131 1147 2190 eodem

70 2231 97 2269 re
110 2231 282 2270 mereamur.
327 2211 392 2269 Per.

70 2292 146 2349 stola.
189 2293 209 2350 J
212 2299 297 2350 ustus
311 2312 360 2350 cor
373 2312 468 2349 snum.

70 2373 139 2430 lale.
183 2375 319 2439 Domine,
336 2373 513 2449 praevenisti.

70 2474 119 2511 rm.

70 2545 135 2592 :tue
180 2535 376 2595 Desiderinm.

70 2626 219 2691 rumpere
235 2616 381 2688 Pusclrali,
396 2616 545 2692 Alleluyu.
598 2616 625 2671 l'.
649 2616 788 2674 Posuisti.

70 2699 169 2754 :mlum
184 2697 331 2773 Alleluyo„
383 2698 411 2755 l'.
435 2696 571 2774 Angelus
585 2697 716 2755 Domini

70 2779 164 2849 ternio,
181 2779 216 2835 ‹Ie
231 2779 390 2837 Uorummri
402 2780 495 2836 utrius
508 2776 684 2852 coufeseoris.

70 2859 203 2934 nqelimn.
246 2859 344 2916 Nemo
357 2860 491 2917 accendit
505 2859 663 2917 lucernam.

70 2940 195 2998 lorinus.
240 2940 434 2998 Desiderium.

69 3032 121 3080 cla.

69 3106 131 3173 tius,
152 3101 289 3174 Domine,
307 3123 483 3179 quesumus,
503 3124 577 3179 <pras
598 3101 713 3159 nomini
733 3107 786 3158 tun
806 3100 961 3158 sacrandas
980 3100 1141 3171 offerimus,

73 3184 188 3242 uthlnci
202 3184 373 3242 confessoris
390 3184 436 3241 tui
450 3191 645 3260 prosequetur
664 3183 768 3254 oratio,
783 3202 836 3259 pcr·
856 3202 944 3259 quam
959 3202 1012 3239 nos
1025 3182 1141 3258 expiari

69 3274 95 3322 et
109 3264 236 3322 defendi
281 3265 346 3323 Per.

70 3346 180 3403 cruneio.
225 3345 337 3423 Magna
351 3352 396 3403 est
409 3345 510 3422 gloria.

69 3446 240 3485 corrrnmmo.

69 3530 86 3579 r,
111 3508 244 3565 fidelium
268 3514 471 3565 remunerator
494 3509 669 3577 uniumrurn,
695 3512 804 3583 praesta
828 3514 863 3565 ut
890 3506 971 3566 beati
996 3504 1138 3565 Gntlrlsci

69 3591 104 3645 ris
117 3589 172 3661 tui,
188 3590 272 3663 cujus
286 3589 485 3646 venerandum
505 3589 685 3647 celebramus
698 3591 900 3659 festivitatem,
916 3589 1029 3646 meritis
1043 3588 1141 3647 indul·

78 3689 300 3748 consequamur.
344 3670 410 3727 Por.

69 3922 180 3962 nonnis
202 3904 349 3962 Tlnunru
371 3921 408 3961 nr
429 3905 609 3961 Vsnnumxr
632 3921 669 3961 nr
690 3904 1085 3975 Msx1runu1,n1unrruuu.

385 4004 481 4081 (xviii.
499 4003 569 4060 Kal.
587 4003 673 4080 Mai.)

69 4147 132 4203 inu.
176 4146 280 4204 Sancti
292 4146 348 4215 tui,
365 4147 501 4204 Domine.

69 4228 100 4286 ie.

71 4315 109 4371 tu,
131 4328 305 4385 quaesnmus,
330 4309 517 4386 omnipotens
538 4309 628 4377 Dens,
651 4317 684 4367 ut
705 4311 756 4386 qni
776 4316 945 4367 sanctorum
966 4314 1135 4384 martyrum

74 4389 205 4447 Tiburtii
230 4397 262 4447 et
288 4389 445 4447 Valeriani
471 4399 503 4448 et
534 4390 661 4448 Maximi
690 4392 844 4449 sollemnia
871 4389 1003 4463 colimus,
1031 4409 1133 4448 eorum

69 4472 167 4529 'stutes
188 4470 349 4529 imitemur.
393 4471 459 4529 Per.
