2804 4920
163 310 226 373 134
635 305 753 375 Conon
774 305 894 371 Μίδεω.

422 475 478 535 Ee.
1052 471 1118 532 MS.

158 599 206 637 me
219 599 271 657 per
284 580 339 637 hoc
358 580 575 637 seorosejnctum
592 598 696 655 eorpus
712 586 743 636 et
760 579 933 655 sanguinem
951 584 1037 635 tuum
1050 579 1088 636 ub
1101 577 1240 635 omnibus
1255 576 1362 655 iniqui·

158 676 272 734 tatibus
285 676 358 734 meis
372 683 403 734 et
416 678 453 734 eb
467 676 614 734 universis
633 676 720 732 mulis
730 696 739 749 ;
761 680 791 733 et
810 675 857 733 fec
877 696 925 734 me
944 676 1006 733 tuis
1024 695 1138 753 semper
1151 675 1271 734 obedire
1284 695 1362 734 rnen-

158 773 246 847 dutis,
261 782 292 832 et
305 795 324 832 o
336 782 367 831 to
385 794 538 850 nunquam
556 775 590 831 in
607 780 782 850 perpetuum
803 775 957 852 permittes
977 774 1113 850 separari
1165 774 1226 844 Qui
1240 773 1321 831 vivis
1332 780 1363 831 et

157 891 263 948 regnas
279 892 347 929 cum
361 871 425 929 Deo
440 872 539 943 Patre,
554 872 593 927 In
610 873 725 929 unitate
746 871 885 946 ejusdem,
900 881 927 929 et
941 881 1039 945 cetero,
1057 871 1117 929 Per
1137 873 1238 929 omnia
1258 871 1364 929 saeeule

158 970 338 1027 saeculorum.
383 971 491 1027 Amen.

219 1077 302 1134 Deus
318 1076 418 1145 Pater,
439 1076 505 1133 sons
526 1083 556 1133 et
576 1076 659 1151 origo
680 1074 773 1132 totius
792 1076 945 1148 bonitatis,
967 1076 1019 1152 qui
1035 1076 1236 1133 misericordia
1256 1076 1363 1133 duetus

159 1174 358 1252 Unigenitum
382 1181 469 1231 tuum
493 1194 545 1251 pro
570 1174 654 1231 nohis
678 1173 716 1230 nd
739 1174 842 1231 infima
865 1174 970 1231 mundi
993 1174 1166 1231 descendere
1191 1181 1222 1231 et
1246 1192 1363 1231 carnem

157 1292 271 1330 sumere
286 1273 417 1345 voluisti,
433 1272 539 1348 quurn'l
554 1292 607 1348 ogo
621 1272 761 1347 indignus
775 1280 805 1329 ct
820 1273 1001 1329 miserrimus
1015 1278 1149 1349 peccator
1161 1272 1211 1328 hic
1224 1272 1259 1328 in
1272 1271 1365 1329 mani·

158 1371 211 1426 bus
232 1371 305 1427 meis
326 1378 421 1435 teneo,
444 1377 474 1427 te
495 1370 593 1441 adoro,
615 1375 646 1425 te
666 1369 805 1445 glorifico,
828 1376 858 1427 te
878 1376 943 1426 tote
967 1371 1075 1427 mentis
1098 1389 1131 1426 oc
1152 1369 1249 1427 cordis
1268 1369 1364 1426 inten-

157 1467 237 1524 tione
261 1468 358 1539 laudo,
381 1475 411 1525 ct
431 1488 540 1544 precor,
563 1475 598 1524 ut
622 1487 675 1524 nos
698 1467 825 1524 tumulos
849 1475 916 1525 tuos
940 1487 1000 1524 non
1024 1467 1147 1537 deseras,
1170 1467 1222 1524 sed
1243 1472 1364 1543 peecata

155 1573 256 1622 nostru
277 1567 545 1641 doleas‚quntu1us
566 1566 622 1622 tibi
643 1565 698 1621 soli
713 1565 783 1621 vivo
804 1585 838 1622 ac
857 1585 927 1622 voro
942 1566 1015 1636 De0‚
1030 1583 1105 1639 puro
1124 1564 1211 1621 corde
1229 1583 1264 1621 ac
1283 1569 1363 1620 custo

155 1684 275 1740 corporo
289 1665 399 1721 servire
413 1665 571 1722 valcamus
615 1663 674 1720 Per
687 1663 820 1720 ermdem.

216 1770 345 1845 Agimus
372 1771 429 1828 tihi
457 1770 522 1828 Deo
551 1771 636 1828 Patri
662 1770 773 1845 gratiis
802 1789 856 1845 pro
884 1770 948 1844 jam
975 1766 1151 1824 beatificatis
1178 1765 1364 1842 postulantes

154 1887 257 1925 eorum
277 1868 449 1925 interventu
471 1868 549 1944 apud
571 1877 601 1925 te
622 1867 765 1942 adjuvari.
808 1866 869 1923 Pro
887 1866 932 1922 his
951 1871 1049 1922 autem
1066 1865 1115 1941 qui
1132 1864 1230 1921 adhuc
1244 1864 1362 1921 suntin

153 1967 331 2043 purgatoriis
355 1966 427 2023 locis
448 1967 597 2022 offerimus
620 1966 676 2021 tibi
698 1965 783 2022 Patri
804 1963 916 2020 Filium
936 1962 1136 2039 supplicantes
1157 1968 1193 2018 ut
1213 1981 1268 2039 per
1287 1961 1364 2019 hene

155 2071 372 2122 sacrosanctum
387 2064 514 2121 hostiam
529 2083 630 2119 corum
644 2082 731 2138 poeno
744 2061 838 2118 levior
848 2061 889 2118 sit
902 2066 932 2117 et
946 2061 1077 2117 brevior:
1092 2080 1147 2136 pro
1160 2060 1249 2117 nobis
1262 2066 1363 2117 eutem

156 2182 229 2238 quos
250 2163 346 2219 adhuc
366 2168 492 2238 gravant
512 2166 631 2237 peccata
651 2161 747 2218 cernis
767 2166 798 2217 et
818 2159 971 2235 sanguinis
991 2157 1180 2214 immolemus
1201 2156 1259 2213 tibi
1278 2155 1364 2214 Patri

158 2260 277 2329 Filium,
292 2261 477 2317 obsecrantes
497 2267 532 2316 ut
552 2266 672 2335 peccota
689 2279 754 2334 quie
775 2278 813 2316 ex
833 2277 920 2316 carne
940 2264 971 2313 et
991 2256 1133 2332 sanguine
1148 2255 1362 2324 contraximus,

155 2378 222 2416 caro
249 2358 381 2430 mundet,
411 2358 529 2433 sanguis
557 2357 637 2415 leret
663 2357 811 2433 unigeniti
839 2356 912 2412 Filii
938 2355 986 2411 tui
1013 2354 1136 2410 Domini
1164 2352 1261 2410 nostri
1286 2351 1361 2411 Jesu

156 2456 276 2515 Ohristi.
320 2457 379 2526 Qui
392 2462 490 2513 tecum
503 2456 590 2513 vivit.

157 2564 240 2621 Tene
259 2562 379 2620 inclinet
399 2584 426 2621 ee
447 2583 538 2637 mipro
558 2560 692 2628 Calicem,
707 2569 733 2617 et
774 2560 857 2616 Dum
877 2559 1006 2617 sentitur
1025 2556 1147 2632 Corpus,
1163 2557 1243 2615 dieat
1263 2554 1361 2615 Sacer-

156 2642 737 2720 valdedecolepereipiutCorpusChristi,·
778 2642 848 2698 dos:

155 2729 281 2785 sedante
291 2728 509 2802 perceptionem,
525 2727 604 2781 dicat
615 2749 624 2783 .-

194 2835 308 2911 Corpus
323 2835 446 2891 Domini
461 2835 555 2890 nostri
569 2834 590 2891 J
593 2854 643 2889 esu
660 2831 771 2889 Christi
786 2831 825 2887 sit
840 2830 914 2886 mihi
928 2829 1090 2886 remedium
1106 2828 1321 2904 sempiternum

529 2934 561 2989 in
576 2934 668 2989 ritum
685 2938 832 2987 aotmnnm.
876 2930 984 2984 Arnon.

155 3044 230 3098 Ante
239 3046 448 3117 perceptionem
458 3040 629 3113 iS‘onpninin,
640 3039 735 3095 client:
778 3038 860 3093 Jlnne
878 3036 1006 3092 sternitur
1024 3035 1163 3109 Saeptis,
1179 3035 1276 3092 dicat:

203 3139 329 3214 Sanguis
351 3139 473 3195 Domini
494 3138 587 3193 nostri
608 3137 682 3194 Josu
705 3135 817 3192 Christi
838 3140 990 3191 conservet
1010 3134 1141 3189 animam
1163 3153 1257 3190 meam
1278 3133 1312 3189 in

548 3235 641 3289 ritum
663 3241 810 3289 aternum.
854 3234 961 3288 Amen.

155 3344 315 3415 Poetannn
340 3340 600 3403 eornmclinicorerit,
625 3349 669 3395 ent
697 3341 737 3395 nd
779 3340 883 3395 l’oeteu
896 3340 987 3410 uipnet
1008 3359 1035 3394 sc
1053 3337 1212 3411 iiaiipztine.
1255 3336 1362 3395 Postea

154 3425 289 3481 dextrum
310 3443 400 3478 corint
415 3422 527 3476 diteris
541 3442 606 3477 enne
628 3420 733 3490 Celiee,
776 3441 842 3476 enin
864 3420 960 3476 Colice
981 3428 1027 3474 ent
1047 3420 1088 3474 nd
1106 3421 1254 3476 ‹lexin-um
1269 3439 1362 3475 come

154 3503 543 3572 etablnntenmcunti-ino,
560 3503 700 3559 dicendo:
777 3501 897 3571 filiorm,
927 3510 952 3557 et
979 3500 1078 3571 ‚incid
1106 3499 1267 3574 infusiones
1295 3508 1358 3557 tree

778 3584 858 3639 Iliun
865 3587 924 3656 jin!
933 3583 1044 3657 primu,
1061 3581 1140 3637 dicet
1150 3606 1159 3638 .-

216 3693 302 3762 Quod
323 3712 372 3747 oro
393 3690 577 3766 sumpsimus,
594 3690 730 3760 Domino,
746 3709 820 3764 pura
840 3696 938 3744 monte
955 3688 1104 3761 cupiamus
1114 3707 1123 3757 3
1143 3692 1174 3743 et
1188 3686 1225 3743 de
1238 3704 1361 3742 munere

154 3792 309 3868 temporali
341 3791 393 3847 fiat
424 3790 510 3845 nobis
542 3789 703 3844 rernodium
736 3787 947 3862 sempiternum
976 3785 1034 3843 tin
1062 3785 1157 3840 vitam
1188 3787 1361 3847 internum

154 3892 262 3948 Amen.

154 3996 267 4053 Deinde
295 3994 396 4051 atticae
424 3994 529 4067 diqitos
556 4012 623 4048 snos
646 4011 737 4065 snpra
778 3990 861 4045 Dion
887 3992 947 4062 ‚liat
978 3987 1105 4044 secunda
1133 3986 1246 4059 infusio
1272 3986 1361 4063 super

155 4077 281 4137 Calicem
293 4096 358 4133 enin
369 4076 436 4132 eino
447 4075 490 4132 vel
502 4094 590 4149 equo,
600 4074 736 4130 dictinio:
778 4072 885 4145 clipitos
895 4094 903 4128 :

215 4184 291 4241 Hine
308 4179 705 4253 1105,Don1inc,communio
727 4183 833 4253 purget·
854 4197 872 4232 a
892 4176 1023 4246 crimino,
1041 4182 1071 4231 et
1092 4175 1216 4232 ccelestis
1236 4175 1361 4234 remedii

153 4283 243 4341 faciat
257 4301 318 4339 csse
332 4286 487 4338 consortes.
532 4277 610 4352 ssPcr
624 4277 775 4335 Christum
792 4274 954 4332 Dominum
969 4280 1111 4352 nostium.
1155 4270 1286 4341 Amenss

215 4451 227 4473 '
245 4451 415 4508 lise-quem
431 4448 584 4506 Ed.-quem.
779 4444 944 4504 mun-MS.
1131 4441 1299 4504 tem-ns.
