2804 4920
410 320 600 430 ’Dominicc
624 363 667 429 in
691 363 989 452 Quinquepesima.
1243 366 1283 428 41

133 611 234 670 Juxta
246 611 428 670 vestibulum
441 617 474 670 et
493 612 587 671 altare
608 613 770 689 plorabunt
790 612 955 672 sacerdotes
976 619 1008 671 et
1029 611 1138 684 levita,
1153 609 1286 670 ministri

70 693 208 766 Domini,
223 699 254 751 et
270 692 389 752 dicem:
410 692 511 767 Parce,
526 694 658 766 Domini,
673 713 761 772 parce
774 693 884 772 populo
901 701 976 768 tuo;
999 698 1030 753 st
1049 713 1088 752 ne
1098 692 1220 771 dissipes
1233 711 1287 751 ora

69 773 267 833 clamantium
280 774 318 832 sd
332 780 371 846 te,
386 774 529 836 Domine.

134 854 211 916 Cum
220 864 393 932 perunctum
402 854 498 932 suerit
510 856 552 914 nd
571 857 680 916 ostium
693 855 824 916 Ecclesia
836 866 971 916 cantetur
982 855 1167 932 Antiphone.

133 936 184 994 Ne
197 936 341 1008 irascaris,
358 936 496 1010 Domine,
511 956 600 1015 super
612 937 757 1016 populum
770 944 876 1011 tuum;
896 958 935 997 ne
948 944 1066 996 avertas
1079 937 1185 996 faciem
1198 943 1284 995 tuam

70 1035 90 1075 s
115 1018 214 1077 nobis.
268 1017 468 1091 Peccavimus,
491 1019 630 1092 Domine,
650 1019 846 1096 peccavimus,
866 1019 1073 1097 peccavimus3
1092 1018 1284 1096 iniquitatem

69 1097 205 1159 fecimus.
246 1098 347 1172 Paros,
371 1118 467 1176 parce,
496 1119 582 1176 parce
609 1099 661 1158 irae
689 1106 757 1170 tuse,
785 1099 944 1159 ineffabilis
971 1100 1038 1158 Rex
1065 1099 1284 1160 misericordiae.

71 1178 146 1237 Non
165 1179 328 1238 secundum
343 1189 463 1258 peccata
481 1188 583 1239 nostra
600 1181 691 1239 facias
704 1181 797 1255 nobis,
813 1201 910 1260 neque
925 1181 1087 1241 secundum
1109 1181 1284 1260 iniquitates

70 1267 188 1319 nostras
200 1261 348 1319 retribuas
362 1261 447 1319 nobis
460 1281 469 1334 3
485 1262 535 1320 sed
545 1268 667 1340 propter
679 1281 788 1321 nomen
798 1261 899 1340 gloria
913 1269 973 1321 tuse
988 1262 1066 1340 quod
1080 1269 1126 1319 est
1135 1268 1279 1332 sanctum,

69 1339 118 1399 iac
135 1342 290 1401 uobiscum
311 1343 474 1400 seeundum
498 1343 735 1421 magnitudinem
758 1342 965 1402 misericordiae
986 1351 1055 1414 tuse,
1069 1350 1100 1402 et
1119 1342 1283 1401 secundum

69 1421 297 1482 multitudinem
310 1423 534 1482 miserationum
549 1431 670 1483 tuarum
686 1424 751 1483 dele
764 1425 940 1502 iniquitates
953 1431 1079 1484 nostras.

131 1504 216 1562 Dum
238 1504 402 1582 Episcopus
424 1504 468 1563 vel
489 1505 552 1582 pne
573 1506 704 1564 onorius
724 1505 803 1583 ejicit
817 1507 988 1582 penitentes
1008 1525 1118 1583 semper
1134 1512 1284 1582 repetatur

67 1584 169 1643 sudem
195 1584 376 1663 Antiphone,
405 1606 554 1663 quousque
581 1607 679 1645 onencs
699 1586 871 1664 penitentes
893 1588 930 1646 ab
958 1585 1087 1647 Ecclesia
1109 1585 1277 1663 ejiciantur.

70 1665 188 1738 Quibus
199 1667 301 1744 affectis,
316 1668 479 1745 Episcopus
491 1668 537 1726 cel
548 1667 610 1745 ejus
622 1668 753 1727 ciccum
763 1668 864 1727 statim
877 1667 999 1727 claudat
1010 1668 1128 1740 ostium,
1140 1676 1166 1727 et
1179 1675 1282 1726 cantor

65 1746 195 1824 iescipiot
208 1747 442 1825 Responsorium.

130 1828 208 1888 Eoos
220 1830 321 1888 Adam
334 1830 421 1907 quasi
433 1850 512 1887 uuus
525 1850 563 1889 ex
583 1830 670 1888 nobis
690 1830 785 1889 sactus
805 1837 857 1900 est,
871 1831 965 1889 sciens
978 1831 1089 1888 bonum
1107 1837 1138 1888 et
1157 1828 1279 1888 malum.

63 1906 180 1987 Vsdete
192 1911 321 1969 neforto
333 1916 432 1969 sumat
446 1911 482 1969 ds
496 1911 577 1988 ligno
589 1911 669 1984 vitae,
685 1918 716 1969 et
729 1912 813 1969 vivat
829 1911 860 1968 in
874 1917 1028 1969 aeternum.
1220 1930 1222 1935 ’

72 1989 103 2049 V.
122 1990 278 2050 Cherubin
299 1998 331 2050 et
352 1992 523 2051 flammeum
541 1992 675 2070 gladium
695 2000 786 2070 atque
805 1992 976 2051 versatilem
995 1991 1034 2051 sd
1056 1990 1280 2051 custodiendam

63 2070 148 2130 riam
161 2071 240 2152 ligni
250 2072 331 2131 vitm

71 2181 75 2187 ·
127 2153 170 2212 Et
182 2154 219 2213 in
232 2153 475 2231 Okorofiniatur.

126 2547 179 2608 Ad
190 2548 326 2608 Missam.
370 2547 511 2623 Officiunn.

124 2629 281 2688 Misereris
302 2629 445 2701 omnium,
461 2627 599 2700 Domine,
622 2633 653 2686 et
674 2626 751 2687 nihil
770 2626 860 2685 odisti
876 2645 980 2685 eorum
998 2645 1065 2703 quoe
1082 2625 1179 2685 fecisti
1192 2645 1199 2684 ε
1220 2626 1276 2685 dis-

58 2710 208 2770 simulans
220 2718 341 2789 peocata
354 2710 508 2768 hominum
522 2715 644 2786 propter
656 2707 870 2786 paenitentiam,
886 2701 916 2766 et
937 2727 1059 2786 parcens
1072 2707 1141 2780 illis,
1156 2707 1227 2784 quia
1240 2713 1275 2766 tu

59 2812 93 2852 es
106 2792 260 2851 Dominus
273 2791 357 2850 Deus
369 2798 479 2863 noster,

123 2873 272 2932 Paulinus.

122 2954 268 3013 Miserere
281 2954 350 3026 mei,
365 2953 457 3024 Deus,
472 2951 701 3011 misereremei:
715 2950 857 3028 quoniam
867 2949 900 3007 in
914 2957 945 3009 te
955 2949 1188 3009 confiditanima
1196 2968 1270 3009 mea.

121 3034 210 3094 Dicto
231 3035 330 3112 Kyrie
350 3035 478 3111 eleyson,
493 3033 634 3092 Sacerdos
653 3033 734 3091 dicut
755 3030 903 3090 Dominus
922 3032 1075 3090 vobiscum
1095 3041 1122 3091 et
1136 3032 1270 3091 Oremus.

59 3116 101 3174 Iit
110 3126 212 3193 postea
225 3117 307 3175 dicat
319 3115 473 3182 Daunus
487 3115 655 3174 Flectamus
668 3133 772 3192 genua,
787 3121 814 3172 et
824 3133 921 3173 omme
932 3134 1010 3190 posu
1015 3116 1156 3190 flecma·
1170 3112 1273 3173 deinde

60 3197 195 3257 Diacono
208 3197 320 3256 dicente
333 3196 382 3267 sic,
399 3196 520 3269 Levate,
535 3205 661 3272 surpant
674 3215 778 3255 omnes.

121 3359 245 3433 Praesta,
261 3378 439 3437 quaesumus,
455 3359 593 3431 Domine,
607 3358 744 3416 fidelibus
757 3357 828 3430 tuis,
844 3363 880 3416 ut
896 3355 1082 3433 jejuniorum
1102 3357 1270 3416 veneranda

63 3440 214 3501 sollemnia
227 3448 260 3500 et
277 3460 407 3517 congrua
424 3439 537 3517 pietate
554 3440 727 3517 suscipiant,
742 3446 773 3497 et
790 3458 893 3498 secura
910 3437 1067 3496 devotione
1084 3447 1267 3515 percurrant.

66 3519 121 3580 Per
134 3523 308 3582 Dominum.

121 3604 268 3671 Honorio
288 3602 325 3661 de
339 3602 548 3679 penitentibus
557 3623 571 3672 ,·
594 3600 705 3673 Oratio,
720 3600 840 3659 Exaudi
854 3598 984 3658 Domine
995 3620 1004 3672 ;
1025 3608 1052 3658 et
1075 3601 1111 3658 de
1135 3600 1270 3660 omnibus

71 3680 175 3744 Sandis
185 3708 197 3756 ,·
213 3684 327 3756 Oratio,
337 3684 462 3742 Pietate.
498 3683 708 3742 Hanuneoriae
718 3682 846 3758 petitis
856 3681 998 3739 dicamur
1007 3701 1097 3756 usque
1105 3681 1149 3739 ud
1158 3680 1270 3741 Ocnum

73 3760 184 3826 Demea
203 3767 239 3824 in
259 3765 366 3836 Feriis,
389 3763 510 3841 quondo
533 3765 569 3822 de
593 3764 683 3822 Fer-ia
704 3763 814 3839 capitur,
837 3762 898 3821 nisi
919 3762 953 3820 in
974 3761 1100 3822 Sabbata
1124 3763 1269 3834 Quattuor

79 3840 242 3924 lnporum.
285 3847 327 3904 Et
347 3846 428 3904 siin
447 3845 504 3904 hcc
523 3845 620 3918 Ferus,
635 3845 693 3904 sive
712 3845 748 3902 in
767 3843 871 3920 aliquo
890 3844 980 3902 Fer-io
998 3863 1090 3919 usque
1103 3844 1145 3901 ud
1160 3845 1269 3903 Rursus

80 3920 244 4001 Pelusonsm,
261 3927 383 3986 Festum
396 3927 489 3985 trium
503 3925 674 3986 Lectionum
694 3935 835 3998 occurrat,
852 3935 921 3983 tstnc
934 3925 1061 3983 scwrcdu
1076 3924 1200 3984 Culleone
1213 3926 1268 3984 crit

82 4002 213 4070 &tunc
222 4031 237 4081 ,·
258 4010 345 4068 tertio
354 4029 412 4086 pro
420 4008 636 4084 penitentibus,
651 4016 760 4083 quarta
768 4027 826 4084 pro
839 4015 919 4064 statu
932 4005 1066 4065 Ecclesioe
1079 4007 1123 4064 vei
1134 4006 1168 4064 de
1177 4027 1267 4082 paca·

10 4144 21 4163 ,
83 4086 165 4155 Distu
178 4092 213 4151 dc
233 4090 370 4151 omnibus
388 4089 507 4149 Sanctis
516 4111 530 4160 ,·
552 4089 663 4162 Oratio,
684 4089 810 4161 Pietate,
825 4098 860 4147 ut
880 4108 989 4165 supra·
1010 4097 1121 4164 eccepto
1141 4086 1266 4146 Sabbata

86 4160 205 4232 Μῶν
219 4173 402 4249 tempotum.

127 4251 259 4329 Epium
303 4253 400 4312 Lento
414 4251 507 4312 Joelis
520 4251 672 4328 Prophetes
685 4251 702 4327 (
703 4251 735 4310 ii.
754 4251 869 4328 12-19).

10 4372 31 4408 c‘
126 4329 195 4397 Hac
206 4335 281 4395 dicit
295 4334 463 4393 Dominus:
484 4333 702 4392 convertimini
715 4333 753 4390 sd
773 4352 821 4390 me
834 4333 868 4390 in
885 4337 950 4390 toto
964 4330 1051 4390 corde
1064 4335 1163 4389 vestro
1175 4348 1266 4405 usque

10 4447 31 4487 „-
78 4403 184 4534 aihum
205 4416 282 4478 dabo
302 4435 356 4474 vos
374 4414 455 4473 ultra
475 4415 666 4493 opprobrium
686 4415 720 4472 in
739 4414 888 4492 gentibus,
909 4412 984 4472 dicit
1004 4411 1152 4471 Dominus
1173 4411 1266 4471 omni·
