2804 4920
507 305 684 427 Suffrnqie
707 339 919 408 Umnnunio.
1252 320 1318 405 423

95 494 101 509 '
177 506 325 568 Pennus
367 507 456 568 neo
467 507 768 568 imm-messum:
788 508 841 586 qui
853 507 1053 566 ambuantis
1066 506 1130 585 1030
1143 505 1274 566 nomini

178 633 375 747 Omnipotens
387 670 564 748 sempiterne
583 669 675 742 Dens,
690 670 769 728 salus
789 676 900 728 aeterna
916 668 1117 742 credentium
1137 668 1245 728 exaudi
1264 687 1319 728 nos

101 754 171 827 'pro
184 750 297 808 famulo
309 757 363 808 tuo
377 749 415 808 N
419 771 495 829 ,pro
512 771 571 829 quo
585 750 790 809 miserioordiae
811 759 871 808 tuse
891 749 1083 829 imploramus
1102 749 1263 823 auxilinm3
1282 756 1319 808 ιιι

116 830 233 969 rssddita
246 831 304 889 sibi
313 832 440 891 sanitate
441 832 624 909 ,gratiarum
634 831 714 890 tibi
703 851 737 888 ιιι
750 831 881 890 Ecclesia
891 837 944 889 tus
953 832 1061 890 referat
1073 832 1226 890 sotionem.
1254 795 1319 889 'Per

149 931 291 971 nmmum

175 993 273 1051 Lectio
286 993 425 1070 Epistola
438 992 513 1052 beati
525 992 629 1056 Jaeoti
641 992 774 1070 Apostoli
786 992 828 1068 (o.
847 992 1335 1069 1316)ἱ

177 1072 347 1133 carissimi:
366 1074 515 1133 Tristatur
531 1073 640 1151 uliquis
660 1080 793 1132 vestium
810 1093 900 1149 mque
922 1074 964 1132 ed
977 1080 1009 1132 et
1020 1080 1102 1132 orate
1112 1092 1167 1152 pro
1179 1073 1317 1148 invicem,

117 1159 152 1213 ιιι
164 1154 329 1213 salvemini.

178 1234 314 1294 Grudele.

176 1314 320 1374 Miserere
333 1315 417 1388 mihi,
430 1315 567 1389 Domine,
583 1315 724 1393 quoniam
736 1315 873 1373 infirmus
886 1334 952 1373 sum
965 1337 972 1374 :
993 1335 1064 1374 sena
1077 1335 1134 1389 me,
1149 1315 1286 1375 Domine.

122 1394 152 1457 V.
175 1395 360 1455 conturbata
372 1404 443 1454 ιιιιιι
456 1397 557 1455 omnia
570 1417 636 1455 ossa
649 1416 730 1455 mes:
751 1402 783 1454 et
795 1397 895 1454 anima
908 1416 973 1455 mes
990 1397 1111 1455 turbate
1124 1403 1169 1455 est
1181 1396 1275 1456 valde

176 1477 325 1554 Alleluya.
371 1477 401 1537 V.
424 1477 472 1536 De
484 1478 639 1556 profundis
653 1476 779 1537 clamavi
791 1477 831 1536 ed
844 1483 884 1552 te,
897 1477 1041 1538 Domine:
1060 1476 1198 1551 Domine,
1210 1477 1320 1536 exaudi

116 1573 216 1616 Vocem
229 1578 333 1617 meam.

174 1638 344 1698 Semendum
358 1637 472 1698 laeam
485 1638 553 1716 (vii.
571 1638 665 1717 1-10).

123 1784 129 1789 ,
174 1719 214 1779 In
225 1719 278 1778 illo
288 1728 429 1798 tempore,
441 1720 573 1779 Intravit
582 1721 604 1778 J
605 1740 671 1780 esus
682 1719 888 1797 Osphamaum
899 1740 908 1793 ;
921 1720 1103 1780 oenturionis
1111 1726 1212 1779 autem
1222 1720 1318 1798 eujus-

117 1799 183 1859 dam
196 1820 300 1859 servus
313 1822 404 1878 mque
416 1802 458 1861 ad
471 1821 589 1861 servum
602 1801 656 1880 qui
667 1801 824 1878 languerat
836 1820 949 1860 sanum.

177 1881 371 1956 offertorium.

175 1962 312 2036 Domine,
329 1968 501 2022 convertere
518 1967 549 2022 et
568 1964 650 2041 eripe
662 1962 793 2022 animam
806 1982 902 2021 meum
917 1983 924 2021 :
947 1963 1062 2023 salvum
1076 1982 1124 2021 me
1136 1962 1182 2022 iae
1195 1968 1318 2042 propter

118 2044 345 2102 misericordiam
358 2050 450 2103 tuam

174 2125 296 2185 Secreta

174 2205 268 2279 Dens,
282 2207 367 2283 eujus
380 2206 503 2264 nutibus
516 2205 587 2264 vitae
600 2211 709 2264 nostrae
722 2210 873 2264 momenta
886 2206 1066 2279 decurrunt;
1085 2205 1198 2283 suscipe
1217 2224 1317 2284 preses

119 2292 147 2344 et
158 2286 271 2345 hostias
283 2287 389 2345 famuli
409 2288 456 2345 tui
468 2287 520 2359 Ν,,
537 2306 590 2364 pro
604 2306 662 2364 quo
676 2292 838 2364 aegrotente
850 2288 1079 2346 misericordium
1096 2293 1179 2345 tuem
1198 2286 1318 2364 implor-

118 2385 217 2441 emus;
237 2375 274 2427 ιιι
286 2367 323 2425 de
337 2370 421 2445 eujus
433 2367 564 2445 periculo
578 2368 748 2440 metuimus,
764 2368 800 2425 de
813 2369 877 2445 ejus
890 2368 985 2427 salute
999 2368 1143 2428 latemur.
1183 2368 1250 2427 Per.

175 2447 357 2509 Communis
400 2447 527 2507 Redime
540 2469 596 2523 me,
612 2448 695 2508 Deus
708 2448 811 2522 Israel,
825 2469 863 2507 ex
877 2449 1015 2507 omnibus
1027 2449 1172 2528 angustiis
1185 2450 1267 2510 meis.

174 2529 418 2589 Postcommunie.

175 2611 266 2680 Deus,
288 2609 473 2670 infirmitatis
498 2611 635 2669 humanae
657 2610 813 2688 singulare
825 2610 1003 2688 praesidium,
1026 2611 1133 2669 auxilii
1154 2611 1200 2669 tui
1227 2630 1316 2688 supet

115 2687 266 2750 infirmum
280 2700 415 2750 nostrum
433 2691 554 2749 ostende
567 2693 730 2765 virtutem
750 2699 786 2749 ut
805 2712 859 2768 ope
880 2692 1084 2750 misericordiae
1104 2699 1163 2749 tuae
1183 2692 1314 2768 adjutus,

114 2768 253 2832 Faeelesiae
264 2779 323 2831 tuse
337 2779 445 2831 sanetae
460 2772 615 2830 incolumis
629 2773 833 2850 repraesentari
846 2779 1000 2831 merentur.
1034 2772 1092 2831 Per
1105 2773 1278 2832 Dominum

509 2932 575 3023 Pno
596 2964 787 3022 Snnnnmsrn
806 2962 915 3023 Anam.

175 3096 316 3171 Officium
359 3094 392 3154 si
409 3095 583 3173 iniquitates
601 3096 810 3168 observaveris,
831 3094 980 3153 Domine:
1010 3094 1148 3169 Domine,
1168 3095 1235 3173 quis
1255 3115 1315 3156 siis·

108 3177 244 3235 tinebitl

173 3256 321 3316 Pessimus.

173 3337 222 3396 De
245 3337 399 3416 profundis
419 3337 546 3397 clamavi
567 3338 605 3396 ad
625 3345 665 3413 te,
687 3337 833 3397 Domine:
862 3337 999 3413 Domine,
1020 3340 1130 3399 exaudi
1152 3339 1314 3400 orationem

107 3435 218 3478 meam.

173 3499 284 3559 Oratio.

172 3581 225 3639 Ad
249 3586 279 3639 te
302 3600 365 3654 nos,
380 3581 517 3653 Domine,
537 3580 699 3640 olamantes
719 3581 828 3640 exaudi
840 3601 849 3655 ;
871 3588 903 3641 et
921 3583 997 3642 seris
1020 3584 1208 3642 serenitatem
1229 3581 1315 3641 nobis

108 3662 214 3722 tribue
230 3662 473 3739 supplicantibus,
487 3662 589 3739 utqui
601 3664 685 3739 juste
696 3680 750 3740 pro
759 3664 887 3741 peccatis
900 3664 1008 3722 nostris
1021 3664 1186 3741 affligimur,
1201 3663 1314 3722 miseri·

104 3742 213 3804 'eordia
225 3748 279 3800 tus
291 3743 498 3820 preveniente,
512 3741 700 3803 elementiam
713 3744 883 3803 sentiamus.
923 3744 982 3803 Per
992 3745 1155 3803 Dominum
1167 3750 1311 3804 nostrum.

166 3823 271 3883 'Latio
284 3822 419 3884 Jeremioe
432 3823 582 3901 Propheta
595 3824 658 3899 (De
671 3824 943 3885 lamentationibus
954 3825 1019 3902 iii.)
1283 3874 1287 3882 .

175 3903 388 3964 Miserioordioe
407 3905 531 3964 Domini
547 3907 659 3978 mults,
679 3907 751 3984 quia
768 3927 829 3966 non
846 3925 948 3965 sumus
965 3905 1150 3984 eonsnmpti.
1170 3905 1241 3983 quia
1253 3925 1315 3965 non

111 3984 285 4046 deiecerunt
306 3987 509 4045 miserationes
529 3989 601 4064 ejus
644 3987 718 4047 Pars
741 4006 807 4047 mee
829 3986 984 4059 Dominus,
1006 3985 1085 4045 dixit
1107 3986 1206 4046 anima
1229 4006 1311 4047 mes:

87 4073 272 4146 -propteree
295 4067 457 4146 expectabo
480 4087 556 4129 enm.
614 4069 716 4128 Bonus
738 4075 784 4127 est
804 4067 953 4127 Dominus
974 4068 1190 4145 spemntibus'
1181 4088 1214 4127 ιιι
1233 4087 1312 4140 enm,

112 4148 221 4208 anime
245 4149 392 4225 querenti
414 4149 508 4210 illum.
551 4149 670 4209 Bonum
694 4157 740 4209 est
763 4169 831 4208 eum
857 4148 976 4208 silentio
999 4147 1163 4227 prestolari
1185 4112 1314 4208 nlnterd

89 4226 259 4290 Domini.
279 4229 349 4307 quie
369 4249 429 4289 non
447 4230 599 4309 'repellet
590 4251 623 4289 ιιι
642 4231 855 4309 sempiternum
872 4228 1039 4288 Dominus.
1056 4228 1110 4288 sed
1126 4229 1316 4289 miserebitur

87 4337 92 4343 ·
109 4310 275 4371 seeundum
288 4310 514 4371 multitudinem
523 4312 747 4372 misemtionnm
761 4331 888 4371 suarum
931 4308 1143 4370 Sei-utemur
1114 4329 1177 4370 viss
1189 4313 1315 4383 nostine,

89 4398 92 4402 ’
109 4392 146 4451 et
159 4410 325 4469 quaeramus
339 4401 370 4450 et
390 4398 576 4452 revertemur
591 4393 630 4453 ed
652 4392 824 4453 Dominum.
867 4391 1014 4451 Levemus
1026 4391 1114 4450 eorde
1132 4397 1234 4451 nostre
1246 4408 1315 4451 eum

114 4471 253 4532 manibus
277 4473 316 4531 ad
344 4473 542 4534 Dominum
533 4495 565 4533 ιιι
591 4475 671 4536 etelo.
722 4474 772 4535 Ne
802 4479 926 4549 avertas,
949 4470 1086 4547 Domine,
1105 4484 1210 4533 turem
1232 4476 1316 4532 tuam
