2804 4920
163 360 229 423 246
632 356 728 421 Festa
749 354 882 424 Mureti.

223 523 355 584 Tractus.
398 525 473 585 Eece
486 524 535 582 vir
546 524 684 602 prudens.

220 604 422 682 Evanqdium.
463 606 583 678 Videte,
597 605 727 681 vigilate.

222 685 415 760 offertorium.
458 686 588 746 Veritas.

219 767 342 827 stetu.

221 848 402 906 Sacrificium
420 849 486 920 tibi,
501 848 638 920 Domine,
654 847 827 925 placationis
847 852 878 903 et
898 844 994 903 laudis
1014 844 1164 903 offerimus
1184 845 1366 922 suppliciter

160 936 323 1000 exorantes,
337 938 374 986 ιιι
387 930 466 987 beati
479 930 651 988 confessoris
671 929 717 986 tui
737 936 826 1004 atque
848 926 995 1005 pontificis
1014 926 1120 984 Oeddee
1139 925 1286 983 continua
1308 945 1365 983 uos

158 1009 302 1086 adjuvent
315 1011 461 1087 suffragia,
477 1012 560 1087 cujus
573 1030 673 1068 annua
686 1009 866 1068 celebramus
880 1006 1039 1067 sollemnia
1082 1006 1149 1066 Per.

221 1090 402 1150 Ocurura-nio.
446 1091 557 1150 Fidelis
569 1111 681 1150 servus.

219 1173 460 1231 Postcommonio.

218 1253 332 1312 Praesta
352 1255 445 1327 nobis,
467 1273 644 1330 quaesumus,
667 1251 795 1310 Domine
818 1253 900 1309 Deus
922 1257 1030 1322 noster,
1054 1257 1090 1308 ut
1111 1250 1293 1308 sacramenti
1314 1250 1361 1307 tui

194 1334 381 1412 tticipatione
395 1335 524 1412 vegetati
537 1334 657 1411 gloriosi
670 1333 817 1412 pontificis
830 1333 877 1390 tui
891 1332 997 1390 Oeddm
1018 1332 1154 1410 precibus
1168 1330 1359 1408 adjuvemur.

184 1435 224 1474 er.

226 1563 277 1622 DE
297 1581 411 1623 sancio
433 1564 581 1635 PmuANO,
596 1568 656 1639 fiat
676 1564 815 1622 oisemo-riu
837 1571 960 1622 tontum.
1012 1562 1066 1639 (iii.
1081 1562 1161 1620 Non.
1178 1561 1288 1639 Mart)

216 1659 326 1718 Oratio.

214 1740 303 1812 Deus,
330 1741 382 1817 qui
406 1743 525 1799 beatum
549 1741 710 1799 Pieranum
737 1739 929 1798 consessorem
953 1746 1041 1798 tuum
1066 1744 1157 1816 atque
1183 1739 1359 1816 pontificem

152 1819 300 1879 virtutum
314 1822 411 1880 titulis
424 1830 455 1879 et
469 1821 676 1880 miraculorum
691 1821 834 1879 decorasti
848 1821 990 1897 insigniis,
1009 1821 1133 1878 concede
1146 1821 1300 1897 propitius
1314 1821 1358 1878 ita

151 1921 205 1960 nos
218 1903 282 1980 ejus
296 1903 411 1961 meritis
424 1903 568 1980 adjuvari,
580 1909 616 1960 ut
629 1904 657 1960 ei
671 1902 703 1959 in
712 1909 823 1959 aeterne
832 1902 1016 1959 beatitudine
1027 1921 1192 1960 mereamur
1206 1902 1355 1959 associati.

153 1983 220 2042 Per.

213 2064 334 2124 Smela.

211 2143 496 2223 Suscipe,D01niuc,
517 2165 692 2223 quaesumus,
715 2145 889 2203 sacrificium
906 2145 985 2221 quod
1007 2144 1065 2203 tibi
1086 2145 1117 2201 in
1140 2145 1253 2202 honoro
1276 2144 1355 2203 beati

151 2222 272 2284 Pierani
291 2227 462 2284 confessoris
479 2227 526 2285 tui
548 2234 638 2303 atque
658 2226 807 2303 pontificis
819 2224 991 2302 suppliciter
1004 2226 1154 2284 offerimus
1164 2245 1172 2296 ;
1193 2232 1225 2282 et
1246 2232 1353 2302 priests

148 2306 304 2382 propitius,
318 2313 354 2365 ut
371 2307 448 2383 quod
471 2307 517 2365 illi
538 2307 704 2365 sanctitatis
725 2307 811 2364 auxit
832 2306 980 2379 meritum,
995 2307 1058 2384 ipso
1080 2326 1133 2383 pro
1155 2306 1243 2364 nobis
1263 2306 1354 2364 inter·

149 2386 277 2459 cedente,
293 2388 412 2445 veniam
425 2388 555 2446 conferat
569 2388 750 2446 delictorum.
794 2388 858 2447 Por.

123 2525 126 2532 ,
209 2468 452 2527 Postcmnmunio.

209 2548 347 2607 Vivificis
360 2550 462 2608 refecti
476 2551 673 2621 sacramentis,
685 2569 859 2626 quaesumus,
876 2550 1005 2608 Domine
1020 2549 1101 2607 Deus
1114 2553 1224 2621 noster,
1239 2554 1275 2606 ut
1289 2548 1348 2607 haec

147 2629 248 2688 eadem
266 2632 358 2703 nobis,
377 2631 576 2688 intercedente
596 2632 682 2688 beato
704 2631 829 2688 Pierano
850 2633 1013 2688 confessore
1027 2637 1080 2687 ιιιο
1094 2637 1185 2705 atque
1200 2631 1341 2706 pontifice,

147 2710 185 2768 ed
198 2714 349 2787 praesentis
363 2713 433 2769 vitre
447 2712 584 2769 solatium
599 2712 680 2769 etad
694 2712 801 2768 suune
816 2713 949 2786 proficiat
963 2712 1183 2768 interminabile
1197 2712 1338 2787 gaudium.

149 2790 215 2851 Per.

189 2936 376 2993 Sasernas
398 2937 571 2993 Penei-mus:
593 2952 629 2991 rr
650 2935 853 3005 Fumomsrm,
878 2952 1054 2993 ιιιιιιιιιιιιιι.
1098 2933 1191 3010 (Νοιι.
1209 2932 1308 3001 Mart)

211 3033 321 3091 Oratio.

208 3115 256 3171 Da
275 3115 368 3182 nobie,
391 3134 567 3189 qiuesumus,
592 3115 720 3171 Domino
746 3115 828 3172 Deus
849 3123 956 3184 noster,
979 3122 1149 3171 sanctarum
1178 3122 1323 3186 martyrum

148 3203 267 3254 iussum
282 3196 436 3270 Perpetua
455 3203 485 3252 et
501 3195 665 3252 Felicitatis
679 3197 790 3271 palmas
812 3195 954 3251 ineffabili
975 3195 1132 3251 devotione
1150 3193 1286 3256 venerari,
1297 3196 1322 3244 ut

147 3296 220 3352 quas
234 3277 322 3352 digne
342 3296 402 3332 non
421 3295 574 3351 possumus
595 3277 715 3347 imitari,
736 3276 898 3333 humilibus
912 3276 1016 3332 saltem
1031 3277 1248 3350 frequentemus
1260 3272 1322 3329 obse·

149 3357 236 3432 quiis.
281 3357 347 3413 Per.

207 3438 329 3495 Secreta.

207 3518 343 3583 Intende,
359 3537 536 3593 quesumus,
558 3517 694 3588 Domine,
712 3538 835 3574 munera
858 3519 1001 3575 altaribus
1026 3519 1086 3574 tuis
1108 3522 1318 3594 presenciarum

146 3606 312 3674 martyrum
331 3606 451 3654 tuarum
474 3598 629 3674 Perpetuos
653 3604 683 3653 et
708 3599 872 3656 Felicitatis
896 3600 1093 3656 sollemnitate
1122 3598 1268 3675 proposita,
1290 3592 1317 3643 ui

146 3681 223 3738 siout
238 3701 289 3755 per
302 3680 363 3736 haec
376 3680 462 3736 beata
476 3680 617 3754 mysteria
631 3679 689 3735 illis
710 3680 834 3755 glorium
849 3681 1010 3743 contulisti,
1034 3681 1076 3736 ita
1091 3681 1175 3737 nobis
1190 3673 1316 3748 inlulgen·

144 3762 217 3820 tium
236 3761 369 3837 largiaris
383 3767 413 3817 et
428 3760 561 3835 gratiani.
607 3760 671 3817 Por.

206 3842 445 3900 Poelcornmunio.

205 3923 319 3980 Praesta
347 3923 440 3993 nobis,
462 3941 637 3997 (sumamus,
658 3922 795 3993 Domine,
816 3922 1065 3980 intercedentibus
1087 3922 1194 3981 sanctis
1217 3917 1273 3982 tuis,
1288 3909 1313 3962 ui
1388 3951 1391 3956 ·

146 4025 210 4083 quoe
225 4024 275 4062 ore
289 4005 474 4080 contigimus,
488 4023 563 4079 pura
576 4009 675 4059 niente
689 4004 845 4080 capiamus.
891 4004 955 4061 Per.

260 4202 369 4262 Sason
392 4202 557 4274 Gnseaonu,
579 4219 663 4259 inne
685 4221 721 4260 m
742 4220 947 4263 oosrsssoius.
991 4205 1042 4280 (iv.
1061 4204 1106 4261 Id.
1125 4203 1224 4279 Mart.)

209 4319 348 4394 Officium.
392 4318 569 4377 Sacerdotes.

205 4400 315 4458 Oratio.

199 4481 289 4554 Deus,
305 4480 356 4557 qui
377 4481 482 4538 animm
506 4481 612 4538 famuli
630 4479 675 4536 tui
698 4480 833 4555 Gregorii
856 4489 973 4539 aeternae
998 4482 1193 4539 beatitudinis
1215 4460 1311 4558 prens!
