<?xml version="1.0" encoding="UTF-8"?>
<!DOCTYPE html PUBLIC "-//W3C//DTD XHTML 1.0 Transitional//EN"
    "http://www.w3.org/TR/xhtml1/DTD/xhtml1-transitional.dtd">
<html xmlns="http://www.w3.org/1999/xhtml" xml:lang="en" lang="en">
 <head>
  <title>
</title>
<meta http-equiv="Content-Type" content="text/html;charset=utf-8" />
  <meta name='ocr-system' content='tesseract 3.04.00' />
  <meta name='ocr-capabilities' content='ocr_page ocr_carea ocr_par ocr_line ocrx_word'/>
</head>
<body>
  <div class='ocr_page' id='page_1' title='image "./missaleadusumpe00churgoog_0385.png"; bbox 0 0 2804 4920; ppageno 0'>
   <div class='ocr_carea' id='block_1_1' title="bbox 168 350 933 439">
    <p class='ocr_par' dir='ltr' id='par_1_1' title="bbox 168 350 933 439">
     <span class='ocr_line' id='line_1_1' title="bbox 168 350 933 439; baseline -0.001 -20"><span class='ocrx_word' id='word_1_1' title='bbox 168 354 233 419; x_wconf 82' lang='lat'><strong>330</strong></span> <span class='ocrx_word' id='word_1_2' title='bbox 267 432 270 437; x_wconf 20' lang='lat'><strong>¹</strong></span> <span class='ocrx_word' id='word_1_3' title='bbox 605 353 701 419; x_wconf 77' lang='lat' dir='ltr'><strong>Festa</strong></span> <span class='ocrx_word' id='word_1_4' title='bbox 723 350 933 439; x_wconf 58' lang='lat' dir='ltr'><strong>septemtrio.</strong></span> 
     </span>
    </p>
   </div>
   <div class='ocr_carea' id='block_1_2' title="bbox 165 518 1371 919">
    <p class='ocr_par' dir='ltr' id='par_1_2' title="bbox 227 518 914 589">
     <span class='ocr_line' id='line_1_2' title="bbox 227 518 914 589; baseline 0.001 -11"><span class='ocrx_word' id='word_1_5' title='bbox 227 518 409 578; x_wconf 73' lang='lat' dir='ltr'><strong><em>Communia.</em></strong></span> <span class='ocrx_word' id='word_1_6' title='bbox 452 518 539 589; x_wconf 84' lang='lat' dir='ltr'><strong>Quod</strong></span> <span class='ocrx_word' id='word_1_7' title='bbox 552 519 637 578; x_wconf 87' lang='lat' dir='ltr'><strong>vobis</strong></span> <span class='ocrx_word' id='word_1_8' title='bbox 651 519 716 578; x_wconf 86' lang='lat' dir='ltr'><strong>dico</strong></span> <span class='ocrx_word' id='word_1_9' title='bbox 730 520 762 577; x_wconf 94' lang='lat' dir='ltr'><strong>in</strong></span> <span class='ocrx_word' id='word_1_10' title='bbox 775 519 914 579; x_wconf 85' lang='lat' dir='ltr'><strong>tenebris.</strong></span> 
     </span>
    </p>

    <p class='ocr_par' dir='ltr' id='par_1_3' title="bbox 230 600 469 659">
     <span class='ocr_line' id='line_1_3' title="bbox 230 600 469 659; baseline 0 -2"><span class='ocrx_word' id='word_1_11' title='bbox 230 600 469 659; x_wconf 82' lang='lat' dir='ltr'><strong>Postoommunio.</strong></span> 
     </span>
    </p>

    <p class='ocr_par' dir='ltr' id='par_1_4' title="bbox 165 677 1371 919">
     <span class='ocr_line' id='line_1_4' title="bbox 228 677 1371 759; baseline -0.003 -21"><span class='ocrx_word' id='word_1_12' title='bbox 228 681 348 753; x_wconf 79' lang='lat' dir='ltr'><strong>Praesta,</strong></span> <span class='ocrx_word' id='word_1_13' title='bbox 381 700 555 758; x_wconf 74' lang='lat' dir='ltr'><strong>quesumus,</strong></span> <span class='ocrx_word' id='word_1_14' title='bbox 580 681 765 759; x_wconf 84' lang='lat' dir='ltr'><strong>omnipotens</strong></span> <span class='ocrx_word' id='word_1_15' title='bbox 792 682 882 751; x_wconf 85' lang='lat' dir='ltr'><strong>Deus,</strong></span> <span class='ocrx_word' id='word_1_16' title='bbox 904 686 939 740; x_wconf 88' lang='lat' dir='ltr'><strong>ut</strong></span> <span class='ocrx_word' id='word_1_17' title='bbox 965 680 1002 738; x_wconf 92' lang='lat' dir='ltr'><strong>do</strong></span> <span class='ocrx_word' id='word_1_18' title='bbox 1028 680 1174 757; x_wconf 85' lang='lat' dir='ltr'><strong>perceptis</strong></span> <span class='ocrx_word' id='word_1_19' title='bbox 1199 677 1371 736; x_wconf 88' lang='lat' dir='ltr'><strong>muneribus</strong></span> 
     </span>
     <span class='ocr_line' id='line_1_5' title="bbox 165 758 1369 838; baseline -0.003 -18"><span class='ocrx_word' id='word_1_20' title='bbox 165 762 276 838; x_wconf 79' lang='lat' dir='ltr'><strong>gmtias</strong></span> <span class='ocrx_word' id='word_1_21' title='bbox 290 761 470 834; x_wconf 75' lang='lat' dir='ltr'>exhibentes,</span> <span class='ocrx_word' id='word_1_22' title='bbox 485 762 684 821; x_wconf 76' lang='lat' dir='ltr'><strong>intercedente</strong></span> <span class='ocrx_word' id='word_1_23' title='bbox 695 765 780 821; x_wconf 73' lang='lat' dir='ltr'><strong>bento</strong></span> <span class='ocrx_word' id='word_1_24' title='bbox 795 762 928 820; x_wconf 85' lang='lat' dir='ltr'><strong>Firmino</strong></span> <span class='ocrx_word' id='word_1_25' title='bbox 941 769 1072 838; x_wconf 85' lang='lat' dir='ltr'><strong>martyre</strong></span> <span class='ocrx_word' id='word_1_26' title='bbox 1093 767 1147 818; x_wconf 86' lang='lat' dir='ltr'><strong>tuo</strong></span> <span class='ocrx_word' id='word_1_27' title='bbox 1170 767 1267 837; x_wconf 82' lang='lat' dir='ltr'><strong>etque</strong></span> <span class='ocrx_word' id='word_1_28' title='bbox 1280 758 1369 837; x_wconf 85' lang='lat' dir='ltr'><strong>ponti-</strong></span> 
     </span>
     <span class='ocr_line' id='line_1_6' title="bbox 167 841 784 919; baseline 0.005 -20"><span class='ocrx_word' id='word_1_29' title='bbox 167 843 229 915; x_wconf 83' lang='lat' dir='ltr'><strong>fice,</strong></span> <span class='ocrx_word' id='word_1_30' title='bbox 245 841 386 902; x_wconf 80' lang='lat' dir='ltr'><strong>beneficio</strong></span> <span class='ocrx_word' id='word_1_31' title='bbox 398 843 514 919; x_wconf 80' lang='lat' dir='ltr'><strong>potiora</strong></span> <span class='ocrx_word' id='word_1_32' title='bbox 527 864 675 901; x_wconf 84' lang='lat' dir='ltr'><strong>eumenus.</strong></span> <span class='ocrx_word' id='word_1_33' title='bbox 718 843 784 902; x_wconf 86' lang='lat' dir='ltr'><strong>Por.</strong></span> 
     </span>
    </p>
   </div>
   <div class='ocr_carea' id='block_1_3' title="bbox 251 1037 1280 1117">
    <p class='ocr_par' dir='ltr' id='par_1_5' title="bbox 251 1037 1280 1117">
     <span class='ocr_line' id='line_1_7' title="bbox 251 1037 1280 1117; baseline 0.003 -21"><span class='ocrx_word' id='word_1_34' title='bbox 251 1037 438 1098; x_wconf 79' lang='lat' dir='ltr'><strong>Ssucrosuu</strong></span> <span class='ocrx_word' id='word_1_35' title='bbox 459 1039 571 1099; x_wconf 77' lang='lat' dir='ltr'><strong>Coeum</strong></span> <span class='ocrx_word' id='word_1_36' title='bbox 592 1056 630 1098; x_wconf 72' lang='grc' dir='ltr'>π</span> <span class='ocrx_word' id='word_1_37' title='bbox 651 1039 803 1113; x_wconf 68' lang='lat' dir='ltr'><strong>Duram,</strong></span> <span class='ocrx_word' id='word_1_38' title='bbox 825 1055 1005 1100; x_wconf 73' lang='lat' dir='ltr'><strong>nmmos.</strong></span> <span class='ocrx_word' id='word_1_39' title='bbox 1051 1039 1091 1117; x_wconf 85' lang='lat' dir='ltr'><strong>(v.</strong></span> <span class='ocrx_word' id='word_1_40' title='bbox 1109 1038 1181 1098; x_wconf 63' lang='grc' dir='ltr'><strong>Καὶ</strong></span> <span class='ocrx_word' id='word_1_41' title='bbox 1198 1039 1280 1116; x_wconf 84' lang='lat' dir='ltr'><strong>Oct)</strong></span> 
     </span>
    </p>
   </div>
   <div class='ocr_carea' id='block_1_4' title="bbox 163 1167 1355 2620">
    <p class='ocr_par' dir='ltr' id='par_1_6' title="bbox 229 1167 792 1247">
     <span class='ocr_line' id='line_1_8' title="bbox 229 1167 792 1247; baseline 0.004 -21"><span class='ocrx_word' id='word_1_42' title='bbox 229 1167 369 1243; x_wconf 83' lang='lat' dir='ltr'><strong>Officium.</strong></span> <span class='ocrx_word' id='word_1_43' title='bbox 412 1169 596 1247; x_wconf 80' lang='lat' dir='ltr'><strong>Sapientiam</strong></span> <span class='ocrx_word' id='word_1_44' title='bbox 616 1177 792 1228; x_wconf 81' lang='lat' dir='ltr'><strong>sanctorum.</strong></span> 
     </span>
    </p>

    <p class='ocr_par' dir='ltr' id='par_1_7' title="bbox 230 1248 340 1309">
     <span class='ocr_line' id='line_1_9' title="bbox 230 1248 340 1309; baseline 0.009 -1"><span class='ocrx_word' id='word_1_45' title='bbox 230 1248 340 1309; x_wconf 69' lang='lat' dir='ltr'><strong>orcum.</strong></span> 
     </span>
    </p>

    <p class='ocr_par' dir='ltr' id='par_1_8' title="bbox 165 1329 1355 1553">
     <span class='ocr_line' id='line_1_10' title="bbox 226 1329 1355 1410; baseline -0.001 -22"><span class='ocrx_word' id='word_1_46' title='bbox 226 1329 347 1403; x_wconf 64' lang='lat' dir='ltr'><strong>Praestn</strong></span> <span class='ocrx_word' id='word_1_47' title='bbox 375 1350 551 1408; x_wconf 72' lang='lat' dir='ltr'><strong>quesumus,</strong></span> <span class='ocrx_word' id='word_1_48' title='bbox 579 1331 765 1410; x_wconf 86' lang='lat' dir='ltr'><strong>omnipotens</strong></span> <span class='ocrx_word' id='word_1_49' title='bbox 793 1331 884 1395; x_wconf 88' lang='lat' dir='ltr'><strong>Deus.</strong></span> <span class='ocrx_word' id='word_1_50' title='bbox 913 1331 1024 1409; x_wconf 87' lang='lat' dir='ltr'><strong>utqui</strong></span> <span class='ocrx_word' id='word_1_51' title='bbox 1050 1337 1221 1391; x_wconf 81' lang='lat' dir='ltr'><strong>senatorum</strong></span> <span class='ocrx_word' id='word_1_52' title='bbox 1248 1337 1355 1390; x_wconf 88' lang='lat' dir='ltr'><strong>tuorum</strong></span> 
     </span>
     <span class='ocr_line' id='line_1_11' title="bbox 165 1409 1354 1485; baseline 0 -18"><span class='ocrx_word' id='word_1_53' title='bbox 165 1409 279 1469; x_wconf 79' lang='lat' dir='ltr'><strong>Cosmae</strong></span> <span class='ocrx_word' id='word_1_54' title='bbox 303 1418 334 1470; x_wconf 88' lang='lat' dir='ltr'><strong>et</strong></span> <span class='ocrx_word' id='word_1_55' title='bbox 357 1412 499 1471; x_wconf 76' lang='lat' dir='ltr'><strong>Damioni</strong></span> <span class='ocrx_word' id='word_1_56' title='bbox 522 1413 660 1471; x_wconf 86' lang='lat' dir='ltr'><strong>natslitio</strong></span> <span class='ocrx_word' id='word_1_57' title='bbox 688 1413 819 1485; x_wconf 85' lang='lat' dir='ltr'><strong>colimus,</strong></span> <span class='ocrx_word' id='word_1_58' title='bbox 848 1435 866 1470; x_wconf 80' lang='lat' dir='ltr'><strong>n</strong></span> <span class='ocrx_word' id='word_1_59' title='bbox 888 1414 1003 1471; x_wconf 88' lang='lat' dir='ltr'><strong>cunctis</strong></span> <span class='ocrx_word' id='word_1_60' title='bbox 1029 1413 1116 1471; x_wconf 85' lang='lat' dir='ltr'><strong>molis</strong></span> <span class='ocrx_word' id='word_1_61' title='bbox 1139 1413 1354 1471; x_wconf 78' lang='lat' dir='ltr'><strong>imminentibus</strong></span> 
     </span>
     <span class='ocr_line' id='line_1_12' title="bbox 166 1493 1009 1553; baseline 0.004 -3"><span class='ocrx_word' id='word_1_62' title='bbox 166 1510 267 1550; x_wconf 89' lang='lat' dir='ltr'><strong>eorum</strong></span> <span class='ocrx_word' id='word_1_63' title='bbox 281 1493 541 1552; x_wconf 75' lang='lat' dir='ltr'><strong>intercessionibus</strong></span> <span class='ocrx_word' id='word_1_64' title='bbox 554 1494 721 1553; x_wconf 85' lang='lat' dir='ltr'><strong>liberemur.</strong></span> <span class='ocrx_word' id='word_1_65' title='bbox 765 1494 825 1552; x_wconf 88' lang='lat' dir='ltr'><strong>Per</strong></span> <span class='ocrx_word' id='word_1_66' title='bbox 835 1493 1009 1553; x_wconf 90' lang='lat' dir='ltr'><strong>Dominum.</strong></span> 
     </span>
    </p>

    <p class='ocr_par' dir='ltr' id='par_1_9' title="bbox 228 1572 845 1650">
     <span class='ocr_line' id='line_1_13' title="bbox 228 1572 845 1650; baseline 0.006 -20"><span class='ocrx_word' id='word_1_67' title='bbox 228 1572 369 1650; x_wconf 73' lang='lat' dir='ltr'><strong>Episiolu.</strong></span> <span class='ocrx_word' id='word_1_68' title='bbox 412 1574 590 1633; x_wconf 62' lang='lat' dir='ltr'><strong>Benedictus</strong></span> <span class='ocrx_word' id='word_1_69' title='bbox 605 1576 687 1632; x_wconf 89' lang='lat' dir='ltr'><strong>Deus</strong></span> <span class='ocrx_word' id='word_1_70' title='bbox 701 1581 732 1633; x_wconf 91' lang='lat' dir='ltr'><strong>et</strong></span> <span class='ocrx_word' id='word_1_71' title='bbox 745 1574 845 1634; x_wconf 81' lang='lat' dir='ltr'><strong>Pater.</strong></span> 
     </span>
    </p>

    <p class='ocr_par' dir='ltr' id='par_1_10' title="bbox 229 1652 711 1733">
     <span class='ocr_line' id='line_1_14' title="bbox 229 1652 711 1733; baseline 0.002 -21"><span class='ocrx_word' id='word_1_72' title='bbox 229 1652 364 1713; x_wconf 75' lang='lat' dir='ltr'><strong>Gradale.</strong></span> <span class='ocrx_word' id='word_1_73' title='bbox 408 1655 619 1713; x_wconf 68' lang='lat' dir='ltr'><strong>clamaverunt</strong></span> <span class='ocrx_word' id='word_1_74' title='bbox 627 1656 711 1733; x_wconf 87' lang='lat' dir='ltr'><strong>justi.</strong></span> 
     </span>
    </p>

    <p class='ocr_par' dir='ltr' id='par_1_11' title="bbox 227 1734 740 1815">
     <span class='ocr_line' id='line_1_15' title="bbox 227 1734 740 1815; baseline 0.006 -23"><span class='ocrx_word' id='word_1_75' title='bbox 227 1734 376 1812; x_wconf 85' lang='lat' dir='ltr'><strong>Alleluyo.</strong></span> <span class='ocrx_word' id='word_1_76' title='bbox 425 1735 453 1794; x_wconf 74' lang='lat' dir='ltr'><strong>V.</strong></span> <span class='ocrx_word' id='word_1_77' title='bbox 477 1736 648 1815; x_wconf 79' lang='lat' dir='ltr'><strong>Fulgebunt</strong></span> <span class='ocrx_word' id='word_1_78' title='bbox 657 1738 740 1813; x_wconf 84' lang='lat' dir='ltr'><strong>justi.</strong></span> 
     </span>
    </p>

    <p class='ocr_par' dir='ltr' id='par_1_12' title="bbox 225 1815 1113 1893">
     <span class='ocr_line' id='line_1_16' title="bbox 225 1815 1113 1893; baseline 0.003 -21"><span class='ocrx_word' id='word_1_79' title='bbox 225 1815 427 1892; x_wconf 72' lang='lat' dir='ltr'><strong>Eounqelimm</strong></span> <span class='ocrx_word' id='word_1_80' title='bbox 471 1818 545 1875; x_wconf 84' lang='lat' dir='ltr'><strong>Haec</strong></span> <span class='ocrx_word' id='word_1_81' title='bbox 559 1817 675 1889; x_wconf 80' lang='lat' dir='ltr'><strong>mundo,</strong></span> <span class='ocrx_word' id='word_1_82' title='bbox 690 1818 724 1876; x_wconf 85' lang='lat' dir='ltr'><strong>in</strong></span> <span class='ocrx_word' id='word_1_83' title='bbox 738 1817 897 1878; x_wconf 78' lang='lat' dir='ltr'><strong>Communi</strong></span> <span class='ocrx_word' id='word_1_84' title='bbox 910 1815 1113 1893; x_wconf 76' lang='lat' dir='ltr'><strong>apostolorum</strong></span> 
     </span>
    </p>

    <p class='ocr_par' dir='ltr' id='par_1_13' title="bbox 228 1896 690 1970">
     <span class='ocr_line' id='line_1_17' title="bbox 228 1896 690 1970; baseline 0.004 -15"><span class='ocrx_word' id='word_1_85' title='bbox 228 1896 420 1970; x_wconf 73' lang='lat' dir='ltr'><strong>Offertaoium.</strong></span> <span class='ocrx_word' id='word_1_86' title='bbox 464 1897 690 1958; x_wconf 85' lang='lat' dir='ltr'><strong>Gloriebuotur.</strong></span> 
     </span>
    </p>

    <p class='ocr_par' dir='ltr' id='par_1_14' title="bbox 226 1977 347 2036">
     <span class='ocr_line' id='line_1_18' title="bbox 226 1977 347 2036; baseline 0 0"><span class='ocrx_word' id='word_1_87' title='bbox 226 1977 347 2036; x_wconf 77' lang='lat' dir='ltr'><strong>Secreto.</strong></span> 
     </span>
    </p>

    <p class='ocr_par' dir='ltr' id='par_1_15' title="bbox 165 2058 1342 2279">
     <span class='ocr_line' id='line_1_19' title="bbox 225 2058 1342 2137; baseline -0.003 -21"><span class='ocrx_word' id='word_1_88' title='bbox 225 2058 401 2117; x_wconf 79' lang='lat' dir='ltr'><strong>Sanctorum</strong></span> <span class='ocrx_word' id='word_1_89' title='bbox 425 2066 544 2118; x_wconf 88' lang='lat' dir='ltr'><strong>tuorum</strong></span> <span class='ocrx_word' id='word_1_90' title='bbox 568 2061 662 2132; x_wconf 89' lang='lat' dir='ltr'><strong>nobis,</strong></span> <span class='ocrx_word' id='word_1_91' title='bbox 686 2060 825 2133; x_wconf 88' lang='lat' dir='ltr'><strong>Domine,</strong></span> <span class='ocrx_word' id='word_1_92' title='bbox 848 2059 898 2137; x_wconf 89' lang='lat' dir='ltr'><strong>pia</strong></span> <span class='ocrx_word' id='word_1_93' title='bbox 920 2079 981 2116; x_wconf 90' lang='lat' dir='ltr'><strong>non</strong></span> <span class='ocrx_word' id='word_1_94' title='bbox 1005 2058 1083 2118; x_wconf 87' lang='lat' dir='ltr'><strong>desit</strong></span> <span class='ocrx_word' id='word_1_95' title='bbox 1110 2058 1216 2133; x_wconf 83' lang='lat' dir='ltr'><strong>oratio,</strong></span> <span class='ocrx_word' id='word_1_96' title='bbox 1244 2078 1301 2136; x_wconf 82' lang='lat' dir='ltr'><strong>quo</strong></span> <span class='ocrx_word' id='word_1_97' title='bbox 1320 2061 1342 2114; x_wconf 84' lang='lat' dir='ltr'><strong>et</strong></span> 
     </span>
     <span class='ocr_line' id='line_1_20' title="bbox 165 2140 1340 2219; baseline -0.001 -24"><span class='ocrx_word' id='word_1_98' title='bbox 165 2158 288 2197; x_wconf 83' lang='lat' dir='ltr'><strong>munero</strong></span> <span class='ocrx_word' id='word_1_99' title='bbox 307 2147 411 2198; x_wconf 81' lang='lat' dir='ltr'><strong>nostre</strong></span> <span class='ocrx_word' id='word_1_100' title='bbox 428 2141 573 2213; x_wconf 85' lang='lat' dir='ltr'><strong>conciliet,</strong></span> <span class='ocrx_word' id='word_1_101' title='bbox 593 2149 623 2199; x_wconf 92' lang='lat' dir='ltr'><strong>et</strong></span> <span class='ocrx_word' id='word_1_102' title='bbox 643 2149 727 2200; x_wconf 81' lang='lat' dir='ltr'><strong>tuum</strong></span> <span class='ocrx_word' id='word_1_103' title='bbox 748 2141 833 2199; x_wconf 86' lang='lat' dir='ltr'><strong>nobis</strong></span> <span class='ocrx_word' id='word_1_104' title='bbox 851 2141 1069 2219; x_wconf 80' lang='lat' dir='ltr'><strong>indulgentiam</strong></span> <span class='ocrx_word' id='word_1_105' title='bbox 1087 2145 1204 2218; x_wconf 85' lang='lat' dir='ltr'><strong>semper</strong></span> <span class='ocrx_word' id='word_1_106' title='bbox 1223 2140 1340 2199; x_wconf 79' lang='lat' dir='ltr'><strong>obtinent</strong></span> 
     </span>
     <span class='ocr_line' id='line_1_21' title="bbox 166 2219 409 2279; baseline 0.012 -3"><span class='ocrx_word' id='word_1_107' title='bbox 166 2219 225 2276; x_wconf 89' lang='lat' dir='ltr'><strong>Per</strong></span> <span class='ocrx_word' id='word_1_108' title='bbox 238 2221 409 2279; x_wconf 90' lang='lat' dir='ltr'><strong>Dominum.</strong></span> 
     </span>
    </p>

    <p class='ocr_par' dir='ltr' id='par_1_16' title="bbox 226 2299 780 2361">
     <span class='ocr_line' id='line_1_22' title="bbox 226 2299 780 2361; baseline 0 -1"><span class='ocrx_word' id='word_1_109' title='bbox 226 2299 408 2360; x_wconf 79' lang='lat' dir='ltr'><strong>Gonnnunio.</strong></span> <span class='ocrx_word' id='word_1_110' title='bbox 451 2302 621 2361; x_wconf 86' lang='lat' dir='ltr'><strong>Posuerunt</strong></span> <span class='ocrx_word' id='word_1_111' title='bbox 634 2302 780 2361; x_wconf 74' lang='lat' dir='ltr'><strong>mortalia.</strong></span> 
     </span>
    </p>

    <p class='ocr_par' dir='ltr' id='par_1_17' title="bbox 226 2381 469 2442">
     <span class='ocr_line' id='line_1_23' title="bbox 226 2381 469 2442; baseline 0.012 -4"><span class='ocrx_word' id='word_1_112' title='bbox 226 2381 469 2442; x_wconf 75' lang='lat' dir='ltr'><strong>Postoommunio.</strong></span> 
     </span>
    </p>

    <p class='ocr_par' dir='ltr' id='par_1_18' title="bbox 163 2461 1339 2620">
     <span class='ocr_line' id='line_1_24' title="bbox 225 2461 1339 2542; baseline -0.003 -22"><span class='ocrx_word' id='word_1_113' title='bbox 225 2461 375 2539; x_wconf 82' lang='lat' dir='ltr'><strong>Protegat,</strong></span> <span class='ocrx_word' id='word_1_114' title='bbox 390 2464 527 2536; x_wconf 88' lang='lat' dir='ltr'><strong>Domine,</strong></span> <span class='ocrx_word' id='word_1_115' title='bbox 545 2464 688 2542; x_wconf 88' lang='lat' dir='ltr'><strong>populum</strong></span> <span class='ocrx_word' id='word_1_116' title='bbox 705 2472 801 2537; x_wconf 87' lang='lat' dir='ltr'><strong>tunm,</strong></span> <span class='ocrx_word' id='word_1_117' title='bbox 818 2463 1005 2542; x_wconf 86' lang='lat' dir='ltr'><strong>participatio</strong></span> <span class='ocrx_word' id='word_1_118' title='bbox 1022 2462 1149 2522; x_wconf 74' lang='lat' dir='ltr'><strong>celestis</strong></span> <span class='ocrx_word' id='word_1_119' title='bbox 1166 2463 1277 2522; x_wconf 89' lang='lat' dir='ltr'><strong>indulto</strong></span> <span class='ocrx_word' id='word_1_120' title='bbox 1291 2479 1339 2520; x_wconf 89' lang='lat' dir='ltr'><strong>oon-</strong></span> 
     </span>
     <span class='ocr_line' id='line_1_25' title="bbox 163 2543 1063 2620; baseline 0.004 -21"><span class='ocrx_word' id='word_1_121' title='bbox 163 2543 239 2600; x_wconf 85' lang='lat' dir='ltr'><strong>vivii</strong></span> <span class='ocrx_word' id='word_1_122' title='bbox 253 2550 284 2602; x_wconf 87' lang='lat' dir='ltr'><strong>et</strong></span> <span class='ocrx_word' id='word_1_123' title='bbox 297 2544 463 2620; x_wconf 81' lang='lat' dir='ltr'><strong>deprecatio</strong></span> <span class='ocrx_word' id='word_1_124' title='bbox 477 2545 585 2604; x_wconf 82' lang='lat' dir='ltr'><strong>collata</strong></span> <span class='ocrx_word' id='word_1_125' title='bbox 598 2552 774 2604; x_wconf 79' lang='lat' dir='ltr'><strong>sanctorum.</strong></span> <span class='ocrx_word' id='word_1_126' title='bbox 820 2547 878 2603; x_wconf 88' lang='lat' dir='ltr'><strong>Per</strong></span> <span class='ocrx_word' id='word_1_127' title='bbox 892 2545 1063 2603; x_wconf 86' lang='lat' dir='ltr'><strong>Dominum.</strong></span> 
     </span>
    </p>
   </div>
   <div class='ocr_carea' id='block_1_5' title="bbox 225 2744 1269 2934">
    <p class='ocr_par' dir='ltr' id='par_1_19' title="bbox 225 2744 1269 2934">
     <span class='ocr_line' id='line_1_26' title="bbox 260 2744 1269 2822; baseline 0.001 -21"><span class='ocrx_word' id='word_1_128' title='bbox 260 2746 299 2802; x_wconf 82' lang='lat' dir='ltr'><strong>In</strong></span> <span class='ocrx_word' id='word_1_129' title='bbox 321 2746 418 2804; x_wconf 80' lang='lat' dir='ltr'><strong>Fnsro</strong></span> <span class='ocrx_word' id='word_1_130' title='bbox 440 2762 547 2804; x_wconf 73' lang='lat' dir='ltr'><strong>snscrr</strong></span> <span class='ocrx_word' id='word_1_131' title='bbox 570 2746 758 2817; x_wconf 68' lang='lat' dir='ltr'><strong>limarsum,</strong></span> <span class='ocrx_word' id='word_1_132' title='bbox 781 2762 987 2805; x_wconf 76' lang='lat' dir='ltr'><strong>snoulxoum.</strong></span> <span class='ocrx_word' id='word_1_133' title='bbox 1033 2745 1087 2822; x_wconf 85' lang='lat' dir='ltr'><strong>(iii.</strong></span> <span class='ocrx_word' id='word_1_134' title='bbox 1105 2745 1176 2803; x_wconf 86' lang='lat' dir='ltr'><strong>Knl.</strong></span> <span class='ocrx_word' id='word_1_135' title='bbox 1192 2744 1269 2820; x_wconf 84' lang='lat' dir='ltr'><strong>Oct.)</strong></span> 
     </span>
     <span class='ocr_line' id='line_1_27' title="bbox 225 2860 366 2934; baseline -0.007 -16"><span class='ocrx_word' id='word_1_136' title='bbox 225 2860 366 2934; x_wconf 83' lang='lat' dir='ltr'><strong>Officium.</strong></span> 
     </span>
    </p>
   </div>
   <div class='ocr_carea' id='block_1_6' title="bbox 160 2934 1396 4537">
    <p class='ocr_par' dir='ltr' id='par_1_20' title="bbox 163 2934 1339 3098">
     <span class='ocr_line' id='line_1_28' title="bbox 222 2934 1339 3017; baseline -0.006 -19"><span class='ocrx_word' id='word_1_137' title='bbox 222 2941 396 2999; x_wconf 82' lang='lat' dir='ltr'><strong>Benedicite</strong></span> <span class='ocrx_word' id='word_1_138' title='bbox 410 2941 582 3012; x_wconf 88' lang='lat' dir='ltr'><strong>Dominum,</strong></span> <span class='ocrx_word' id='word_1_139' title='bbox 598 2962 699 2998; x_wconf 89' lang='lat' dir='ltr'><strong>omnes</strong></span> <span class='ocrx_word' id='word_1_140' title='bbox 714 2941 811 3017; x_wconf 84' lang='lat' dir='ltr'><strong>angeli</strong></span> <span class='ocrx_word' id='word_1_141' title='bbox 826 2942 898 3016; x_wconf 85' lang='lat' dir='ltr'><strong>ejus,</strong></span> <span class='ocrx_word' id='word_1_142' title='bbox 913 2947 1049 3017; x_wconf 86' lang='lat' dir='ltr'><strong>potentes</strong></span> <span class='ocrx_word' id='word_1_143' title='bbox 1064 2941 1186 3011; x_wconf 86' lang='lat' dir='ltr'><strong>virtute,</strong></span> <span class='ocrx_word' id='word_1_144' title='bbox 1202 2940 1252 3016; x_wconf 90' lang='lat' dir='ltr'><strong>qui</strong></span> <span class='ocrx_word' id='word_1_145' title='bbox 1264 2934 1339 2995; x_wconf 81' lang='lat' dir='ltr'><strong>fecitis</strong></span> 
     </span>
     <span class='ocr_line' id='line_1_29' title="bbox 163 3022 999 3098; baseline 0.002 -20"><span class='ocrx_word' id='word_1_146' title='bbox 163 3022 285 3079; x_wconf 83' lang='lat' dir='ltr'><strong>verbum</strong></span> <span class='ocrx_word' id='word_1_147' title='bbox 299 3023 372 3098; x_wconf 87' lang='lat' dir='ltr'><strong>ejus,</strong></span> <span class='ocrx_word' id='word_1_148' title='bbox 386 3023 424 3079; x_wconf 86' lang='lat' dir='ltr'><strong>nd</strong></span> <span class='ocrx_word' id='word_1_149' title='bbox 438 3022 615 3079; x_wconf 82' lang='lat' dir='ltr'><strong>audiendam</strong></span> <span class='ocrx_word' id='word_1_150' title='bbox 629 3043 730 3080; x_wconf 88' lang='lat' dir='ltr'><strong>vocem</strong></span> <span class='ocrx_word' id='word_1_151' title='bbox 746 3042 914 3079; x_wconf 84' lang='lat' dir='ltr'><strong>sermonum</strong></span> <span class='ocrx_word' id='word_1_152' title='bbox 928 3023 999 3097; x_wconf 77' lang='lat' dir='ltr'><strong>ejus,</strong></span> 
     </span>
    </p>

    <p class='ocr_par' dir='ltr' id='par_1_21' title="bbox 223 3103 369 3161">
     <span class='ocr_line' id='line_1_30' title="bbox 223 3103 369 3161; baseline 0.014 -2"><span class='ocrx_word' id='word_1_153' title='bbox 223 3103 369 3161; x_wconf 77' lang='lat' dir='ltr'><strong>Psalmus.</strong></span> 
     </span>
    </p>

    <p class='ocr_par' dir='ltr' id='par_1_22' title="bbox 163 3174 1340 3340">
     <span class='ocr_line' id='line_1_31' title="bbox 222 3174 1340 3259; baseline -0.007 -17"><span class='ocrx_word' id='word_1_154' title='bbox 222 3185 351 3242; x_wconf 89' lang='lat' dir='ltr'><strong>Benedic</strong></span> <span class='ocrx_word' id='word_1_155' title='bbox 374 3185 474 3241; x_wconf 85' lang='lat' dir='ltr'><strong>nnimn</strong></span> <span class='ocrx_word' id='word_1_156' title='bbox 492 3204 557 3241; x_wconf 85' lang='lat' dir='ltr'><strong>meo</strong></span> <span class='ocrx_word' id='word_1_157' title='bbox 580 3185 726 3242; x_wconf 89' lang='lat' dir='ltr'><strong>Domino:</strong></span> <span class='ocrx_word' id='word_1_158' title='bbox 750 3191 780 3240; x_wconf 86' lang='lat' dir='ltr'><strong>ct</strong></span> <span class='ocrx_word' id='word_1_159' title='bbox 794 3183 893 3240; x_wconf 84' lang='lat' dir='ltr'><strong>onmia</strong></span> <span class='ocrx_word' id='word_1_160' title='bbox 907 3203 972 3259; x_wconf 87' lang='lat' dir='ltr'><strong>quae</strong></span> <span class='ocrx_word' id='word_1_161' title='bbox 986 3183 1067 3240; x_wconf 78' lang='lat' dir='ltr'><strong>intro</strong></span> <span class='ocrx_word' id='word_1_162' title='bbox 1087 3202 1135 3241; x_wconf 92' lang='lat' dir='ltr'><strong>me</strong></span> <span class='ocrx_word' id='word_1_163' title='bbox 1152 3189 1232 3254; x_wconf 88' lang='lat' dir='ltr'><strong>sunt,</strong></span> <span class='ocrx_word' id='word_1_164' title='bbox 1247 3174 1340 3238; x_wconf 87' lang='lat' dir='ltr'><strong>nomini</strong></span> 
     </span>
     <span class='ocr_line' id='line_1_32' title="bbox 163 3267 349 3340; baseline 0.022 -20"><span class='ocrx_word' id='word_1_165' title='bbox 163 3272 264 3322; x_wconf 81' lang='lat' dir='ltr'><strong>sancto</strong></span> <span class='ocrx_word' id='word_1_166' title='bbox 279 3267 349 3340; x_wconf 88' lang='lat' dir='ltr'><strong>ejus.</strong></span> 
     </span>
    </p>

    <p class='ocr_par' dir='ltr' id='par_1_23' title="bbox 224 3346 589 3423">
     <span class='ocr_line' id='line_1_33' title="bbox 224 3346 589 3423; baseline -0.003 -20"><span class='ocrx_word' id='word_1_167' title='bbox 224 3346 328 3420; x_wconf 76' lang='lat' dir='ltr'><strong>Kyme,</strong></span> <span class='ocrx_word' id='word_1_168' title='bbox 344 3346 412 3403; x_wconf 85' lang='lat' dir='ltr'><strong>Rex</strong></span> <span class='ocrx_word' id='word_1_169' title='bbox 426 3346 589 3423; x_wconf 75' lang='lat' dir='ltr'><strong>splendens</strong></span> 
     </span>
    </p>

    <p class='ocr_par' dir='ltr' id='par_1_24' title="bbox 225 3428 335 3484">
     <span class='ocr_line' id='line_1_34' title="bbox 225 3428 335 3484; baseline 0.018 -3"><span class='ocrx_word' id='word_1_170' title='bbox 225 3428 335 3484; x_wconf 58' lang='lat' dir='ltr'><strong>(butio.</strong></span> 
     </span>
    </p>

    <p class='ocr_par' dir='ltr' id='par_1_25' title="bbox 160 3500 1342 3741">
     <span class='ocr_line' id='line_1_35' title="bbox 223 3500 1342 3583; baseline -0.004 -20"><span class='ocrx_word' id='word_1_171' title='bbox 223 3506 313 3576; x_wconf 84' lang='lat' dir='ltr'><strong>Deus,</strong></span> <span class='ocrx_word' id='word_1_172' title='bbox 336 3508 388 3582; x_wconf 91' lang='lat' dir='ltr'><strong>qui</strong></span> <span class='ocrx_word' id='word_1_173' title='bbox 410 3509 442 3563; x_wconf 91' lang='lat' dir='ltr'><strong>in</strong></span> <span class='ocrx_word' id='word_1_174' title='bbox 463 3509 538 3564; x_wconf 87' lang='lat' dir='ltr'><strong>miro</strong></span> <span class='ocrx_word' id='word_1_175' title='bbox 560 3507 663 3565; x_wconf 90' lang='lat' dir='ltr'><strong>ordine</strong></span> <span class='ocrx_word' id='word_1_176' title='bbox 684 3508 855 3583; x_wconf 83' lang='lat' dir='ltr'><strong>angelorum</strong></span> <span class='ocrx_word' id='word_1_177' title='bbox 877 3506 1043 3563; x_wconf 79' lang='lat' dir='ltr'><strong>ministerio</strong></span> <span class='ocrx_word' id='word_1_178' title='bbox 1070 3506 1280 3581; x_wconf 88' lang='lat' dir='ltr'><strong>hominumque</strong></span> <span class='ocrx_word' id='word_1_179' title='bbox 1299 3500 1342 3557; x_wconf 81' lang='lat' dir='ltr'><strong>dis·</strong></span> 
     </span>
     <span class='ocr_line' id='line_1_36' title="bbox 160 3587 1341 3665; baseline -0.003 -21"><span class='ocrx_word' id='word_1_180' title='bbox 160 3607 275 3664; x_wconf 86' lang='lat' dir='ltr'><strong>pensas,</strong></span> <span class='ocrx_word' id='word_1_181' title='bbox 291 3588 415 3645; x_wconf 88' lang='lat' dir='ltr'><strong>concede</strong></span> <span class='ocrx_word' id='word_1_182' title='bbox 428 3589 580 3665; x_wconf 84' lang='lat' dir='ltr'><strong>propitius,</strong></span> <span class='ocrx_word' id='word_1_183' title='bbox 596 3595 631 3644; x_wconf 89' lang='lat' dir='ltr'><strong>ut</strong></span> <span class='ocrx_word' id='word_1_184' title='bbox 645 3589 752 3664; x_wconf 83' lang='lat' dir='ltr'><strong>quibus</strong></span> <span class='ocrx_word' id='word_1_185' title='bbox 770 3590 826 3645; x_wconf 87' lang='lat' dir='ltr'><strong>tibi</strong></span> <span class='ocrx_word' id='word_1_186' title='bbox 847 3588 1085 3644; x_wconf 82' lang='lat' dir='ltr'><strong>ministrantibus</strong></span> <span class='ocrx_word' id='word_1_187' title='bbox 1103 3587 1136 3643; x_wconf 87' lang='lat' dir='ltr'><strong>in</strong></span> <span class='ocrx_word' id='word_1_188' title='bbox 1158 3587 1227 3644; x_wconf 82' lang='lat' dir='ltr'><strong>caelo</strong></span> <span class='ocrx_word' id='word_1_189' title='bbox 1246 3598 1341 3658; x_wconf 81' lang='lat' dir='ltr'><strong>semper</strong></span> 
     </span>
     <span class='ocr_line' id='line_1_37' title="bbox 161 3668 1225 3741; baseline -0.002 -15"><span class='ocrx_word' id='word_1_190' title='bbox 161 3670 319 3741; x_wconf 85' lang='lat' dir='ltr'><strong>assistitur,</strong></span> <span class='ocrx_word' id='word_1_191' title='bbox 335 3671 371 3726; x_wconf 85' lang='lat' dir='ltr'><strong>nb</strong></span> <span class='ocrx_word' id='word_1_192' title='bbox 385 3669 431 3726; x_wconf 82' lang='lat' dir='ltr'><strong>his</strong></span> <span class='ocrx_word' id='word_1_193' title='bbox 445 3670 476 3726; x_wconf 92' lang='lat' dir='ltr'><strong>in</strong></span> <span class='ocrx_word' id='word_1_194' title='bbox 491 3677 571 3727; x_wconf 84' lang='lat' dir='ltr'><strong>term</strong></span> <span class='ocrx_word' id='word_1_195' title='bbox 584 3672 648 3726; x_wconf 81' lang='lat' dir='ltr'><strong>vito</strong></span> <span class='ocrx_word' id='word_1_196' title='bbox 661 3676 763 3725; x_wconf 83' lang='lat' dir='ltr'><strong>nostra</strong></span> <span class='ocrx_word' id='word_1_197' title='bbox 777 3669 937 3727; x_wconf 82' lang='lat' dir='ltr'><strong>muniatur.</strong></span> <span class='ocrx_word' id='word_1_198' title='bbox 981 3668 1039 3725; x_wconf 87' lang='lat' dir='ltr'><strong>Per</strong></span> <span class='ocrx_word' id='word_1_199' title='bbox 1054 3668 1225 3724; x_wconf 87' lang='lat' dir='ltr'><strong>Dominum.</strong></span> 
     </span>
    </p>

    <p class='ocr_par' dir='ltr' id='par_1_26' title="bbox 222 3749 1143 3827">
     <span class='ocr_line' id='line_1_38' title="bbox 222 3749 1143 3827; baseline -0.002 -19"><span class='ocrx_word' id='word_1_200' title='bbox 222 3750 317 3808; x_wconf 81' lang='lat' dir='ltr'><strong>Lectio</strong></span> <span class='ocrx_word' id='word_1_201' title='bbox 332 3751 400 3807; x_wconf 70' lang='lat' dir='ltr'><strong>libri</strong></span> <span class='ocrx_word' id='word_1_202' title='bbox 413 3749 605 3826; x_wconf 73' lang='lat' dir='ltr'><strong>Apocalypsis</strong></span> <span class='ocrx_word' id='word_1_203' title='bbox 619 3751 693 3807; x_wconf 78' lang='lat' dir='ltr'><strong>beuti</strong></span> <span class='ocrx_word' id='word_1_204' title='bbox 707 3749 856 3808; x_wconf 68' lang='lat' dir='ltr'><strong>domantia</strong></span> <span class='ocrx_word' id='word_1_205' title='bbox 869 3750 1000 3825; x_wconf 77' lang='lat' dir='ltr'><strong>Apostoli-</strong></span> <span class='ocrx_word' id='word_1_206' title='bbox 1014 3749 1051 3825; x_wconf 77' lang='lat' dir='ltr'><strong>(i.</strong></span> <span class='ocrx_word' id='word_1_207' title='bbox 1071 3751 1116 3806; x_wconf 87' lang='grc'><strong>1-5</strong></span> <span class='ocrx_word' id='word_1_208' title='bbox 1118 3751 1143 3827; x_wconf 85' lang='lat'><em>)</em></span> 
     </span>
    </p>

    <p class='ocr_par' dir='ltr' id='par_1_27' title="bbox 162 3826 1396 3988">
     <span class='ocr_line' id='line_1_39' title="bbox 222 3826 1396 3908; baseline -0.006 -20"><span class='ocrx_word' id='word_1_209' title='bbox 222 3832 261 3888; x_wconf 90' lang='lat' dir='ltr'><strong>In</strong></span> <span class='ocrx_word' id='word_1_210' title='bbox 275 3831 378 3888; x_wconf 77' lang='lat' dir='ltr'><strong>(liebus</strong></span> <span class='ocrx_word' id='word_1_211' title='bbox 393 3832 460 3902; x_wconf 84' lang='lat' dir='ltr'><strong>illis,</strong></span> <span class='ocrx_word' id='word_1_212' title='bbox 481 3832 666 3908; x_wconf 77' lang='lat' dir='ltr'><strong>Significavit</strong></span> <span class='ocrx_word' id='word_1_213' title='bbox 685 3831 767 3888; x_wconf 89' lang='lat' dir='ltr'><strong>Deus</strong></span> <span class='ocrx_word' id='word_1_214' title='bbox 785 3851 850 3907; x_wconf 87' lang='lat' dir='ltr'><strong>quae</strong></span> <span class='ocrx_word' id='word_1_215' title='bbox 865 3836 981 3906; x_wconf 87' lang='lat' dir='ltr'><strong>oportet</strong></span> <span class='ocrx_word' id='word_1_216' title='bbox 1000 3829 1064 3887; x_wconf 85' lang='lat' dir='ltr'><strong>ficri</strong></span> <span class='ocrx_word' id='word_1_217' title='bbox 1081 3850 1173 3905; x_wconf 70' lang='lat' dir='ltr'><strong>usqum</strong></span> <span class='ocrx_word' id='word_1_218' title='bbox 1190 3829 1230 3888; x_wconf 80' lang='lat' dir='ltr'><strong>ud</strong></span> <span class='ocrx_word' id='word_1_219' title='bbox 1250 3828 1280 3884; x_wconf 92' lang='lat' dir='ltr'><strong>in</strong></span> <span class='ocrx_word' id='word_1_220' title='bbox 1292 3842 1341 3882; x_wconf 84' lang='lat' dir='ltr'><strong>ean·</strong></span> <span class='ocrx_word' id='word_1_221' title='bbox 1394 3826 1396 3897; x_wconf 77' lang='grc' dir='ltr'>ξ</span> 
     </span>
     <span class='ocr_line' id='line_1_40' title="bbox 162 3926 1396 3988; baseline -0.002 -20"><span class='ocrx_word' id='word_1_222' title='bbox 162 3932 252 3988; x_wconf 81' lang='lat' dir='ltr'><strong>gurne</strong></span> <span class='ocrx_word' id='word_1_223' title='bbox 266 3933 327 3970; x_wconf 84' lang='lat' dir='ltr'><strong>sua.</strong></span> <span class='ocrx_word' id='word_1_224' title='bbox 1394 3926 1396 3933; x_wconf 88' lang='lat'>·</span> 
     </span>
    </p>

    <p class='ocr_par' dir='ltr' id='par_1_28' title="bbox 162 3993 1396 4537">
     <span class='ocr_line' id='line_1_41' title="bbox 224 3993 1396 4057; baseline -0.002 -7"><span class='ocrx_word' id='word_1_225' title='bbox 224 3993 359 4051; x_wconf 67' lang='lat' dir='ltr'><strong>Gradald.</strong></span> <span class='ocrx_word' id='word_1_226' title='bbox 1394 4024 1396 4057; x_wconf 69' lang='grc' dir='ltr'>ι</span> 
     </span>
     <span class='ocr_line' id='line_1_42' title="bbox 221 4060 1396 4150; baseline -0.008 -19"><span class='ocrx_word' id='word_1_227' title='bbox 221 4074 393 4132; x_wconf 84' lang='lat' dir='ltr'><strong>Benedicite</strong></span> <span class='ocrx_word' id='word_1_228' title='bbox 407 4075 578 4143; x_wconf 88' lang='lat' dir='ltr'><strong>Dominum,</strong></span> <span class='ocrx_word' id='word_1_229' title='bbox 594 4092 694 4130; x_wconf 88' lang='lat' dir='ltr'><strong>omncs</strong></span> <span class='ocrx_word' id='word_1_230' title='bbox 712 4073 810 4150; x_wconf 78' lang='lat' dir='ltr'><strong>angeli</strong></span> <span class='ocrx_word' id='word_1_231' title='bbox 823 4075 886 4149; x_wconf 89' lang='lat' dir='ltr'><strong>ojus</strong></span> <span class='ocrx_word' id='word_1_232' title='bbox 906 4078 1042 4149; x_wconf 87' lang='lat' dir='ltr'><strong>potentes</strong></span> <span class='ocrx_word' id='word_1_233' title='bbox 1056 4071 1180 4142; x_wconf 85' lang='lat' dir='ltr'><strong>virtute,</strong></span> <span class='ocrx_word' id='word_1_234' title='bbox 1195 4070 1247 4149; x_wconf 85' lang='lat' dir='ltr'><strong>qui</strong></span> <span class='ocrx_word' id='word_1_235' title='bbox 1262 4064 1341 4127; x_wconf 81' lang='lat' dir='ltr'><strong>fucitis</strong></span> <span class='ocrx_word' id='word_1_236' title='bbox 1394 4060 1396 4089; x_wconf 83' lang='lat'><strong>¹</strong></span> 
     </span>
     <span class='ocr_line' id='line_1_43' title="bbox 162 4104 1396 4232; baseline 0.003 -22"><span class='ocrx_word' id='word_1_237' title='bbox 162 4157 286 4212; x_wconf 85' lang='lat' dir='ltr'><strong>verbum</strong></span> <span class='ocrx_word' id='word_1_238' title='bbox 300 4157 373 4232; x_wconf 86' lang='lat' dir='ltr'><strong>ejus.</strong></span> <span class='ocrx_word' id='word_1_239' title='bbox 1160 4180 1163 4184; x_wconf 64' lang='grc'>’</span> <span class='ocrx_word' id='word_1_240' title='bbox 1394 4104 1396 4227; x_wconf 77' lang='lat' dir='ltr'><strong>l</strong></span> 
     </span>
     <span class='ocr_line' id='line_1_44' title="bbox 168 4233 1396 4308; baseline -0.007 -15"><span class='ocrx_word' id='word_1_241' title='bbox 168 4236 195 4293; x_wconf 83' lang='lat' dir='ltr'><strong>V.</strong></span> <span class='ocrx_word' id='word_1_242' title='bbox 219 4237 347 4295; x_wconf 88' lang='lat' dir='ltr'><strong>Benedic</strong></span> <span class='ocrx_word' id='word_1_243' title='bbox 357 4237 457 4294; x_wconf 86' lang='lat' dir='ltr'><strong>anima</strong></span> <span class='ocrx_word' id='word_1_244' title='bbox 471 4254 546 4308; x_wconf 84' lang='lat' dir='ltr'><strong>mee,</strong></span> <span class='ocrx_word' id='word_1_245' title='bbox 558 4233 704 4292; x_wconf 88' lang='lat' dir='ltr'><strong>Domino:</strong></span> <span class='ocrx_word' id='word_1_246' title='bbox 723 4242 754 4292; x_wconf 90' lang='lat' dir='ltr'><strong>et</strong></span> <span class='ocrx_word' id='word_1_247' title='bbox 765 4235 865 4292; x_wconf 84' lang='lat' dir='ltr'><strong>omnia</strong></span> <span class='ocrx_word' id='word_1_248' title='bbox 878 4234 1020 4291; x_wconf 80' lang='lat' dir='ltr'><strong>interiore</strong></span> <span class='ocrx_word' id='word_1_249' title='bbox 1030 4253 1096 4291; x_wconf 83' lang='lat' dir='ltr'><strong>meo</strong></span> <span class='ocrx_word' id='word_1_250' title='bbox 1106 4253 1214 4291; x_wconf 87' lang='lat' dir='ltr'><strong>nomen</strong></span> <span class='ocrx_word' id='word_1_251' title='bbox 1224 4237 1340 4290; x_wconf 85' lang='lat' dir='ltr'><strong>sanctum</strong></span> <span class='ocrx_word' id='word_1_252' title='bbox 1394 4236 1396 4241; x_wconf 90' lang='lat'>&#39;</span> 
     </span>
     <span class='ocr_line' id='line_1_45' title="bbox 163 4320 233 4393; baseline 0.043 -19"><span class='ocrx_word' id='word_1_253' title='bbox 163 4320 233 4393; x_wconf 74' lang='lat' dir='ltr'><strong>ejus·</strong></span> 
     </span>
     <span class='ocr_line' id='line_1_46' title="bbox 219 4391 1340 4476; baseline -0.006 -21"><span class='ocrx_word' id='word_1_254' title='bbox 219 4398 368 4476; x_wconf 84' lang='lat' dir='ltr'><strong>Alleluyo.</strong></span> <span class='ocrx_word' id='word_1_255' title='bbox 420 4399 446 4454; x_wconf 79' lang='lat' dir='ltr'><strong>l&#39;.</strong></span> <span class='ocrx_word' id='word_1_256' title='bbox 474 4398 513 4455; x_wconf 91' lang='lat' dir='ltr'><strong>In</strong></span> <span class='ocrx_word' id='word_1_257' title='bbox 531 4403 687 4474; x_wconf 84' lang='lat' dir='ltr'><strong>conspectu</strong></span> <span class='ocrx_word' id='word_1_258' title='bbox 706 4396 879 4474; x_wconf 82' lang='lat' dir='ltr'><strong>angelorum</strong></span> <span class='ocrx_word' id='word_1_259' title='bbox 901 4395 1025 4472; x_wconf 78' lang='lat' dir='ltr'><strong>psallam</strong></span> <span class='ocrx_word' id='word_1_260' title='bbox 1046 4394 1111 4468; x_wconf 88' lang='lat' dir='ltr'><strong>tibi,</strong></span> <span class='ocrx_word' id='word_1_261' title='bbox 1128 4394 1255 4453; x_wconf 88' lang='lat' dir='ltr'><strong>Domine</strong></span> <span class='ocrx_word' id='word_1_262' title='bbox 1274 4391 1340 4450; x_wconf 80' lang='lat' dir='ltr'><strong>Deus</strong></span> 
     </span>
     <span class='ocr_line' id='line_1_47' title="bbox 162 4499 250 4537; baseline 0.011 -1"><span class='ocrx_word' id='word_1_263' title='bbox 162 4499 250 4537; x_wconf 88' lang='lat' dir='ltr'><strong>meus.</strong></span> 
     </span>
    </p>
   </div>
   <div class='ocr_carea' id='block_1_7' title="bbox 0 0 1427 4920">
    <p class='ocr_par' dir='ltr' id='par_1_29' title="bbox 0 0 1427 4920">
     <span class='ocr_line' id='line_1_48' title="bbox 0 0 1427 4920; baseline 0 0"><span class='ocrx_word' id='word_1_264' title='bbox 0 0 1427 4920; x_wconf 95' lang='lat' dir='ltr'><strong> </strong></span> 
     </span>
    </p>
   </div>
  </div>
 </body>
</html>
