2804 4920
274 333 323 397 Irt
345 332 467 398 Natali.
491 333 601 397 urtice
620 331 777 416 Virpiuis
799 337 829 397 et
849 332 1022 418 Martyrie
1182 337 1245 400 395

108 497 242 557 Grodolc.

107 578 224 637 Diffusa
245 586 290 638 est
310 581 408 658 gretie
431 581 463 637 iu
487 580 575 638 lebiic
598 579 677 639 tuis:
706 586 861 658 propterea
881 581 1036 639 benedixit
1058 588 1089 639 te
1111 581 1193 640 Deus
1214 582 1246 640 in

44 666 197 718 aeternunu

51 740 80 798 V.
107 740 236 818 Propter
250 742 415 814 veritatem,
429 752 464 800 ut
477 763 576 818 cumo.

106 822 242 881 Gradale.

106 902 233 980 Propter
253 904 411 962 veritatem
433 912 465 961 et
486 904 744 962 monsuetudinem
767 912 798 963 et
817 905 988 981 justitium:
1017 911 1048 964 et
1070 904 1195 963 deducet
1216 911 1248 962 te

44 984 222 1042 mirabiliter
234 983 357 1043 dextere
370 994 431 1043 tua.

50 1065 79 1123 V.
105 1065 200 1137 Audi,
224 1065 294 1137 filie,
318 1074 349 1123 et
370 1067 447 1139 vide,
471 1074 502 1125 et
524 1067 635 1124 incline
656 1086 758 1125 aurem
781 1073 882 1125 tuom:
911 1066 981 1143 quia
1002 1067 1173 1146 concupivit
1194 1086 1248 1124 rex

43 1147 170 1223 speciem
185 1154 276 1205 tuam.

105 1227 241 1285 Gradale.

103 1307 199 1380 Audi,
221 1308 292 1379 filie,
314 1315 345 1367 et
367 1309 444 1382 vide,
469 1316 500 1367 et
523 1309 635 1368 incline
658 1329 759 1367 curem
785 1318 888 1367 tuam:
912 1310 983 1387 quin
1003 1309 1173 1386 concupivit
1193 1330 1248 1368 rex

42 1395 277 1547 ffpecgtpnpcitppp:
290 1476 321 1528 et
334 1471 556 1548 pulchritudine
569 1478 640 1529 tua:
656 1472 786 1563 intended
791 1491 935 1549 prospere,
951 1472 1074 1549 procede
1088 1478 1119 1530 et
1132 1491 1230 1549 regna.

105 1551 240 1610 Gredole.
284 1552 428 1610 Dilexisti
437 1553 605 1628 justitiam:
627 1559 659 1611 et
672 1553 761 1611 odisti
774 1553 971 1629 miquitutern.

50 1633 79 1691 V.
106 1631 269 1710 Propterea
282 1634 374 1690 unxit
386 1640 417 1690 te
431 1633 531 1692 Deus:
553 1633 637 1691 Deus
651 1641 721 1690 tuus
734 1633 798 1692 oleo
812 1633 932 1691 laetitiae.
1139 1690 1146 1703 ‚

103 1712 254 1790 Alleluye
304 1713 332 1773 V.
356 1714 475 1772 Diffusa
488 1722 533 1773 est
545 1715 642 1790 gretie
662 1716 694 1771 in
714 1715 801 1773 labiis
820 1715 899 1773 tuis:
919 1720 1075 1793 propterea
1094 1715 1247 1772 benedixit

45 1804 74 1852 te
88 1795 171 1853 Deus
185 1794 218 1852 in
232 1802 384 1854 eternum.

103 1875 254 1950 Alleluyo.
303 1876 332 1934 V.
355 1876 496 1934 AEmulor
508 1876 587 1935 enim
601 1896 654 1935 ros
668 1876 726 1934 Dei
740 1876 945 1935 emulatione:
965 1876 1107 1953 despondi
1120 1897 1173 1934 ros
1193 1876 1247 1934 uni

45 1957 117 2026 viro,
134 1957 280 2034 uirginem
294 1964 406 2016 cestnm
419 1957 560 2015 exhibere
574 1957 701 2015 Christo.

102 2037 253 2114 Alleluyn.
310 2039 338 2097 V.
361 2039 560 2097 Adducentur
580 2039 642 2116 regi
669 2039 799 2116 virgines
820 2044 887 2116 poet
913 2058 996 2096 earn:
1017 2038 1160 2116 proximae
1183 2039 1247 2114 ejus

45 2120 206 2177 offerentur
219 2118 278 2176 tibi
291 2119 322 2177 in
336 2119 451 2178 lretitie

104 2199 253 2277 Alleluye
304 2201 332 2257 V.
356 2200 432 2258 Hoec
452 2207 498 2258 est
518 2201 602 2278 virgo
622 2201 761 2277 sepiens:
793 2220 880 2277 quom
903 2200 1051 2259 Dominus
1070 2199 1246 2278 vigilantem

47 2281 167 2339 invenit.

103 2361 252 2438 Alleluyn.
301 2361 331 2419 l'.
363 2363 465 2439 Specie
487 2369 540 2420 tue
562 2370 592 2420 et
613 2362 835 2440 pulchritudine
857 2369 927 2420 tun:
957 2362 1079 2420 intende
1100 2381 1245 2440 prospere,

48 2443 164 2518 prooede
177 2450 209 2500 et
222 2462 320 2519 regne

104 2525 236 2583 Tractus.

102 2604 195 2676 Audi,
218 2603 290 2676 filie,
312 2611 342 2661 et
364 2605 440 2676 vide,
462 2612 494 2662 et
518 2605 630 2662 incline
653 2626 754 2663 eurem
778 2612 881 2677 tunm3
905 2605 975 2682 quia
999 2606 1169 2682 concupivit
1194 2624 1247 2662 rex

52 2688 165 2759 speciem
179 2691 271 2743 tunm.

54 2762 84 2902 hl}
102 2766 232 2825 Vultum
252 2773 340 2825 tuum
359 2766 597 2845 deprecabuntur
617 2787 718 2824 omnes
738 2768 847 2826 divites
867 2767 980 2845 plebis:
1003 2766 1070 2824 filie·
1091 2786 1194 2844 regum
1214 2765 1246 2822 in

83 2857 151 2906 nore
163 2854 225 2906 tuo.

60 2923 83 2984 V.
101 2927 299 2987 Adducentur
311 2927 375 3005 regi
387 2929 517 3007 virginer
530 2937 596 3005 post
609 2949 674 2987 eam
689 2950 696 2987 ε
718 2930 859 3006 proxime
870 2930 933 3005 ejus
946 2929 1108 2987 offerentur
1120 2928 1185 2986 tibi

59 3003 81 3063 V.
103 3009 273 3068 Offerentur
286 3009 319 3067 in
333 3009 483 3069 letitinet
496 3010 716 3069 exsultatione:
741 3011 925 3068 adducentur
939 3010 972 3067 in
985 3011 1130 3087 templum
1143 3008 1214 3086 regi.
1257 3047 1263 3058 -

107 3091 237 3149 Tractus.

105 3170 222 3230 Diffusa
245 3176 292 3229 est
317 3171 415 3248 gretie
438 3172 471 3230 in
496 3172 583 3230 labiis
602 3173 683 3248 ejus:
711 3179 867 3250 propterea
887 3172 1040 3231 benedixit
1060 3180 1091 3230 te
1111 3173 1195 3230 Deus
1214 3170 1247 3227 in

44 3254 195 3312 veternum.

46 3323 78 3386 V.
106 3333 269 3412 Accingere
281 3333 382 3410 gladio
395 3341 449 3392 tuo
464 3354 553 3411 super
566 3335 664 3391 femur
677 3338 772 3406 tuum,
788 3335 1001 3410 potentissime.

42 3402 73 3464 V·
107 3413 206 3492 Specie
219 3420 274 3472 tue
286 3422 318 3472 et
331 3415 553 3492 pulchritudine
566 3421 638 3472 tue:
657 3416 779 3473 intendo
792 3436 938 3493 prospere,
953 3415 1077 3493 procede
1090 3422 1121 3474 et
1135 3435 1232 3492 regne

40 3482 78 3548 V.
106 3493 232 3573 Propter
251 3497 410 3554 veritatem
433 3502 465 3553 et
489 3497 743 3554 mansuetudinem
770 3502 801 3554 et
820 3497 991 3572 justitium:
1015 3505 1047 3555 ct
1070 3497 1195 3554 deducet
1216 3503 1248 3554 te

32 3569 219 3635 mirabiliter
232 3575 430 3635 dexterotue
1071 3627 1072 3630 ,

36 3642 70 3704 l⁷·
106 3657 195 3728 Audi,
216 3657 287 3730 filia,
309 3665 342 3716 et
360 3658 438 3727 vide,
461 3666 492 3715 et
513 3657 624 3716 incline
647 3678 748 3716 errrem
772 3666 872 3716 tuom:
905 3658 975 3736 quie
999 3658 1169 3734 concupivit
1193 3677 1246 3715 rcx

32 3738 170 3803 tpeeiem
183 3744 277 3797 tuem.

108 3817 234 3958 t{inscius
279 3819 340 3890 Qui
353 3819 509 3888 seminent,
524 3821 638 3895 require
652 3821 686 3876 io
699 3821 771 3879 cerie
780 3821 980 3897 plurimorum
993 3818 1194 3892 cmrs'eecorum.

128 3900 267 3976 mmo.

162 3981 357 4041 Exsultemus
371 3983 404 4039 in
417 3981 471 4039 hec
485 3981 533 4039 die
548 3982 664 4052 festiva,

134 4128 142 4145 ·
161 4061 338 4121 Recoleutes
352 4063 475 4121 Domini
489 4064 645 4140 magnalis,
661 4064 694 4120 in
705 4064 813 4121 sanctis
826 4083 891 4139 quoe
902 4069 1041 4139 operatur
1053 4063 1184 4121 maxime
1196 4083 1205 4136 3

165 4142 224 4214 Qui
237 4144 318 4202 inter
331 4163 385 4202 sue
398 4145 540 4220 potentiae
554 4145 629 4202 mire
644 4145 676 4202 in
686 4145 835 4222 virginum
850 4152 896 4202 est
908 4144 1056 4202 maximus
1068 4144 1170 4221 glorio.

164 4223 223 4283 Sue
236 4224 317 4283 enim
330 4225 428 4301 grutie
441 4224 547 4282 mundi
563 4225 654 4283 viluit
668 4226 833 4302 virginibus
846 4244 962 4301 pornpo,

163 4306 268 4383 Atque
277 4312 382 4363 contre
394 4313 542 4382 praecepte
555 4326 657 4383 regum
672 4307 785 4364 restitit
794 4305 949 4382 virginalis
961 4325 1069 4384 pugne

163 4384 251 4446 Furit
262 4386 360 4445 rabies
374 4406 490 4456 vesone,
505 4386 622 4445 devicte
639 4387 779 4445 tristetur
791 4387 925 4460 melitio3

163 4464 316 4527 (lrndeecit
328 4466 362 4525 in
376 4487 463 4526 cerne
476 4475 587 4539 tenere,
599 4468 710 4544 majore
720 4468 851 4544 exquirit
865 4473 1023 4527 tormento.
