2806 4920
407 270 504 338 nm.
526 269 626 338 aee.
646 278 722 357 poc
746 269 959 339 remim.

286 485 449 546 Dosnnci
468 485 626 546 Vrcssuu
646 486 765 546 Tmen
785 503 858 547 ross
878 487 1081 547 Tnnussm.

146 581 287 657 Officium

145 663 230 722 Dicit
251 665 416 723 Dominus:
447 665 511 742 Ego
532 663 628 743 cogito
649 667 841 745 cogitationes
863 668 943 744 poois
966 672 998 725 et
1024 685 1085 724 non
1112 666 1285 726 afflictionis

80 742 266 803 Invocubitis
278 765 335 818 me,
349 753 381 804 et
393 764 447 823 ego
467 745 623 805 exaudium
636 765 688 806 vos
697 767 706 821 3
726 755 758 806 ct
777 747 915 806 reducem
935 747 1140 827 captivitatem
1160 752 1288 806 vestrum

81 825 122 883 de
135 825 248 884 cunctis
261 825 340 886 locis

144 906 290 966 Fecimus.

143 987 340 1126 &edixisti
353 988 490 1060 Domine,
506 995 615 1047 tenum
625 996 727 1048 tuum:
748 991 885 1049 evertisti
898 990 1102 1070 captivitatem
1115 991 1137 1050 J
1138 991 1218 1050 acob.

220 1089 256 1127 ro.

144 1147 236 1222 Deus,
246 1149 394 1228 refugium
406 1156 542 1208 nostrum
555 1156 587 1210 et
603 1151 709 1224 virtus,
724 1152 827 1210 edesio
843 1153 901 1229 piis
918 1152 1056 1210 Ecclesiae
1069 1159 1130 1209 tuae
1143 1150 1289 1230 precibus,

80 1235 187 1288 unctor
199 1231 263 1307 ipse
275 1230 414 1308 pietatis3
434 1238 465 1290 et
477 1238 586 1309 priests
598 1239 634 1291 ut
650 1232 730 1310 quod
747 1232 875 1291 fideliter
890 1234 1029 1311 petimus,
1043 1233 1200 1292 efficaciter
1221 1253 1290 1292 oon·
1331 1285 1333 1287 .

81 1330 249 1389 sequemur.
292 1310 352 1371 Per
364 1311 537 1370 Dominum.

143 1391 196 1450 Ad
206 1392 406 1470 Philippeum
417 1393 479 1469 (iii
498 1394 611 1452 lt-tv.
629 1394 674 1471 3).

145 1473 281 1534 F'rstres:
310 1474 480 1533 Imitstores
502 1475 562 1532 mei
582 1482 677 1534 estote
699 1496 790 1551 usque
812 1475 1000 1553 adquorum
1023 1475 1146 1534 nomine
1166 1474 1292 1534 suntin

79 1553 160 1612 libro
173 1553 252 1614 sitm

146 1634 282 1694 Gradolc

118 1715 294 1855 nfuhssffti
307 1736 369 1788 nos,
384 1717 521 1788 Domine,
536 1736 575 1776 ex
594 1715 794 1795 affligentibus
814 1738 885 1777 nos:
906 1726 936 1776 et
949 1739 1000 1777 eos
1019 1719 1072 1796 qui
1085 1718 1289 1789 nos-oderrmt,

80 1817 119 1854 oo

89 1877 122 1936 V.
145 1877 186 1935 In
199 1878 265 1936 Deo
278 1877 465 1936 laudabimur
478 1885 542 1937 tots
552 1878 618 1938 die:
641 1885 672 1938 et
685 1880 799 1938 nomini
813 1887 865 1938 tuo
879 1881 1086 1939 confitebimur
1098 1881 1130 1938 in
1144 1880 1257 1938 saecule„

147 1958 274 2018 aradae
286 1960 442 2019 reiteretur.

145 2039 294 2117 Alleluye„
343 2041 371 2099 V.
403 2040 464 2111 Qui
490 2048 576 2099 senet
603 2041 747 2100 contritos
774 2041 876 2100 corde:
909 2047 940 2100 et
967 2041 1071 2120 alliget
1100 2040 1295 2100 contritiones

81 2140 195 2180 eorum.

87 2203 120 2261 V.
145 2202 206 2272 Qui
218 2202 317 2279 posuit
330 2203 404 2260 fines
417 2208 485 2261 tuos
498 2221 600 2279 pacem
613 2224 619 2262 :
641 2210 672 2261 et
684 2203 771 2280 adipe
784 2203 927 2263 frumenti
941 2205 1032 2263 satiet
1045 2210 1082 2262 te.

144 2281 313 2342 Secundum
327 2283 503 2342 Mettdaeum
522 2283 611 2361 (xcii.
631 2284 745 2362 15-21).

145 2364 186 2423 ln
206 2363 259 2422 illo
277 2371 419 2442 tempore,
433 2365 590 2423 Abeuntes
608 2365 752 2424 Pharisaei
764 2366 921 2424 eonsilium
938 2364 1081 2438 inierunt,
1102 2372 1138 2423 ut
1157 2372 1297 2442 caperent

80 2447 106 2505 J
106 2464 192 2504 esum
205 2447 238 2502 in
251 2464 489 2522 sermonemque
503 2447 543 2504 ad
564 2446 693 2505 Reddite
707 2466 784 2524 ergo,
800 2467 866 2524 quae
883 2454 954 2506 sunt
968 2447 1101 2520 Oaesaris,
1117 2446 1244 2506 Oaeseri:
1266 2454 1298 2505 et

79 2546 151 2604 qnae
165 2533 236 2584 sunt
249 2526 318 2598 Dei,
332 2526 406 2585 Deo.

146 2605 249 2666 Credo.

147 2687 340 2763 offertorium.

146 2768 194 2828 De
207 2769 362 2846 profundis
375 2769 501 2828 clsmsvi
514 2769 552 2827 ed
565 2776 604 2842 te,
620 2769 749 2828 Domine
762 2790 769 2827 ε
792 2769 931 2842 Domine,
947 2770 1057 2827 exaudi
1070 2789 1171 2827 vocem
1186 2789 1289 2828 meum.

145 2848 266 2909 Secreto

145 2930 203 3004 Do,
213 2950 390 3007 quesumus,
402 2930 567 2990 misericors
577 2932 668 3003 Deus,
679 2938 716 2989 ut
729 2930 791 2989 hoec
805 2930 944 2989 mlutsris
957 2931 1076 3002 oblatio,
1089 2936 1119 2988 et
1133 2951 1150 2988 e
1164 2931 1291 3008 propriis

78 3031 139 3070 nos
152 3013 284 3070 rentibus
296 3011 499 3071 indesinenter
512 3012 660 3090 expediet,
673 3018 705 3070 et
718 3013 756 3070 sb
769 3012 907 3070 omnibns
921 3017 1042 3070 tuentur
1054 3011 1193 3070 adversis.
1233 3012 1292 3071 Per

78 3092 256 3151 Dominum

147 3173 330 3233 Communia

143 3255 254 3326 Amen,
275 3255 342 3313 dico
361 3255 456 3329 vobis,
478 3254 619 3332 quiequid
639 3261 757 3313 orentes
776 3253 889 3331 petitis,
909 3254 1019 3312 credite
1040 3253 1110 3330 quis
1131 3254 1288 3331 recipietis,

79 3343 115 3394 et
129 3335 182 3393 fiet
194 3335 285 3395 vobis.

144 3417 385 3476 Postcommunio.

144 3498 337 3575 smpsimus,
356 3497 495 3570 Domine,
514 3497 590 3556 sacri
609 3498 687 3556 done
704 3498 838 3574 mysterii
855 3497 1010 3555 humiliter
1026 3497 1233 3574 deprecantes,
1254 3503 1289 3555 ut

76 3599 149 3657 quse
170 3579 203 3636 in
222 3578 269 3636 tui
288 3579 564 3638 commemoratione
583 3598 638 3637 nos
661 3579 756 3636 iacere
769 3579 941 3656 precepisti,
956 3578 990 3635 in
1006 3586 1114 3637 nostrse
1135 3579 1290 3655 proficient

77 3660 268 3719 infirmitatis
280 3660 435 3720 auxilinm.
479 3660 540 3731 Qui
552 3659 638 3718 vivis

558 3872 658 3930 qus
678 3871 815 3941 Quium.

142 3992 197 4051 Ad
208 3992 392 4053 iimitem
413 3994 445 4072 (2
458 3995 491 4052 ii,
511 3993 622 4069 11-21).

143 4074 318 4133 Carissimo:
339 4074 450 4134 Fidelis
471 4094 584 4133 sermo:
608 4073 689 4131 Nem
710 4073 736 4131 si
757 4072 932 4131 commortui
952 4092 1053 4130 sumus
1074 4092 1164 4147 usquc
1186 4072 1284 4130 oded

76 4175 170 4215 omne
182 4174 257 4232 opus
269 4156 382 4213 bonum
394 4163 539 4234 puratum.

142 4235 373 4376 gamans
394 4316 512 4376 cuidam
534 4316 670 4394 principi,
684 4325 711 4377 ot
733 4326 831 4389 oeteo,
845 4325 879 4376 ut
902 4336 994 4394 supro
1014 4315 1048 4374 in
1067 4313 1156 4373 Ferit
1176 4323 1283 4390 quarto

69 4397 551 4480 poaeuupoovminieamm
