2804 4920
434 322 538 390 flebo.
560 323 600 390 u'.
626 323 905 412 Quadrupedem.
1228 324 1270 394 57

124 487 365 549 Poslcommuuio.
544 549 549 559 ,

124 568 172 626 Sit
192 571 286 644 nobis,
302 571 437 645 Domine,
453 591 630 648 quaesumus,
643 572 791 631 medicina
809 575 918 632 mentis
938 580 969 632 et
989 574 1126 650 corporis,
1140 572 1219 650 quod
1233 573 1269 630 de

55 655 165 707 sancto
192 651 280 709 altari
300 659 354 711 tuo
373 654 577 730 percepimus:
614 661 649 712 ut
669 654 761 712 nullis
781 655 1008 714 adversitatibus
1028 655 1195 733 fatigemur,
1218 655 1269 731 qui

55 731 141 788 tanti
155 733 278 790 remedii
291 734 517 812 participatione
529 735 689 794 munimur.
732 735 792 794 Per
806 736 976 796 Dominum.

122 811 220 889 Super
235 815 387 890 popellum

122 893 297 971 Propitiare,
314 895 450 968 Domine,
466 897 730 974 supplicationibus
743 898 861 971 nostris,
877 904 908 956 et
921 897 1087 956 animarum
1100 904 1268 956 nostrarum

54 972 179 1032 medere
192 976 402 1052 languoribus3
425 985 460 1035 ut
473 979 643 1037 remissione
656 986 801 1056 percepta
816 980 849 1036 in
864 985 917 1038 tua
933 999 1048 1057 semper
1064 979 1268 1038 benedictione

52 1053 202 1114 laetemur.
246 1058 305 1116 Per
318 1059 488 1118 Dominum.

535 1197 635 1255 Fama
656 1197 793 1267 Qoaura

123 1296 262 1371 Officium.

121 1377 170 1436 Nc
187 1379 372 1458 derelinquas
390 1401 446 1454 me,
462 1382 590 1440 Domine
611 1384 693 1441 Deus
714 1403 814 1456 meus;
834 1402 872 1441 nc
886 1382 1016 1442 discedas
1028 1403 1047 1440 a
1059 1402 1106 1440 me
1115 1403 1125 1456 ,·
1144 1382 1266 1441 intende

49 1459 87 1515 in
101 1459 285 1598 adjoultlorium
300 1482 408 1535 meum,
425 1463 562 1536 Domine,
578 1463 660 1521 Deus
674 1464 778 1522 salutis
792 1484 870 1522 mese

119 1563 311 1760 Βοωῗῖιῖῒηο
325 1625 357 1681 in
370 1625 470 1683 furore
483 1632 536 1683 tuo
550 1645 655 1702 arguas
669 1646 734 1684 me:
754 1645 850 1704 neque
862 1625 896 1684 in
909 1625 955 1684 ira
968 1631 1021 1684 tua
1034 1626 1174 1704 corripias
1188 1645 1242 1684 me.

116 1712 268 1861 Pdiliiloiim
289 1791 384 1859 tuum,
400 1806 577 1863 quaesumus,
600 1788 738 1859 Domine,
761 1787 906 1865 propitius
927 1789 1057 1865 respice:
1074 1774 1111 1846 'et
1132 1808 1206 1865 quos
1226 1788 1264 1845 ab

48 1864 129 1921 escis
142 1867 310 1924 carnalibus
323 1869 457 1945 praecipis
470 1869 626 1942 abstinere,
641 1889 658 1926 a
673 1869 771 1927 noxiis
785 1889 902 1945 quoque
912 1870 995 1927 vitiis
1005 1889 1116 1927 cessare
1129 1869 1261 1927 concede.

50 1944 115 2003 Per
129 1946 301 2005 Dominum

10 2078 14 2086 .
116 2027 259 2102 Epistola.
300 2029 397 2087 Lectio
411 2030 480 2088 libri
494 2030 596 2088 Hester
609 2030 690 2108 (xiii.
709 2031 786 2104 9-11,
804 2028 917 2108 15-17).

116 2107 156 2164 In
177 2109 282 2166 diebus
300 2109 367 2182 illis,
384 2110 490 2169 Oravit
511 2112 622 2171 Hester
642 2113 679 2169 ad
700 2112 864 2169 Dominum
884 2113 1002 2184 dicens;
1023 2111 1151 2169 Domino
1171 2112 1262 2181 Deus,

50 2207 107 2246 rex
122 2190 309 2267 omnipotens
323 2212 413 2267 usquc
427 2194 468 2251 ad
481 2193 523 2250 Et
536 2213 573 2252 ne
589 2193 708 2251 claudus
727 2213 778 2251 ora
796 2193 966 2250 canentium
979 2199 1018 2266 te,
1035 2194 1163 2251 Domine
1181 2194 1264 2251 Deus

48 2275 161 2328 noster.

118 2351 253 2410 Gradalc.

116 2430 239 2490 Ssdvum
252 2433 298 2491 fac
312 2435 454 2511 populum
468 2442 564 2507 tuum,
579 2436 725 2493 Domine:
747 2442 777 2494 et
791 2436 913 2493 benedic
927 2435 1094 2494 haereditati
1108 2442 1176 2494 tuae.

58 2512 88 2568 V.
116 2513 168 2571 Ad
181 2522 222 2586 te,
237 2514 376 2587 Domine,
391 2516 542 2575 clamabo:
564 2517 646 2575 Deus
663 2537 754 2590 meus,
769 2536 808 2575 ue
828 2517 913 2575 sileas
933 2538 952 2576 a
971 2537 1027 2591 me,
1043 2524 1074 2575 et
1091 2538 1141 2576 ero
1159 2517 1263 2575 similis

48 2593 298 2653 descendentibus
312 2597 344 2654 in
358 2596 463 2656 lacum.

116 2674 249 2734 Tractus.

114 2754 162 2814 De
175 2758 400 2817 necessitatibus
412 2760 494 2817 meis.

114 2836 284 2896 Secundum
297 2840 473 2898 Mattlcaeum
487 2839 549 2916 (aa
569 2840 683 2918 17-28).

115 2918 153 2975 In
166 2919 220 2976 illo
234 2926 376 2997 tempore,
390 2923 563 2980 Ascendens
576 2921 597 2979 J
600 2942 665 2978 esus
678 2921 927 2997 Hierosolymam,
937 2920 1094 2996 assumpsit
1108 2918 1262 2977 duodecim

52 2998 213 3075 discipulos
226 3020 294 3058 suos
307 3009 427 3075 secreto,
440 3009 471 3060 et
481 3003 524 3060 ait
535 3003 613 3060 illis:
636 3002 711 3060 Ecce
725 3003 909 3060 ascendimus
919 3002 1158 3078 Hierosolymam
1171 3022 1262 3076 usque

53 3081 95 3136 cd
108 3080 159 3138 sed
173 3082 352 3157 ministrare,
366 3089 398 3141 et
410 3084 481 3142 dare
494 3083 624 3141 animam
639 3103 722 3140 suam
736 3083 769 3141 in
783 3083 1015 3161 redemptionem
1028 3102 1082 3159 pro
1095 3082 1205 3140 multia

117 3160 310 3235 offertorium.

114 3243 165 3300 Ad
189 3249 229 3316 te,
249 3244 386 3317 Domine,
407 3246 506 3303 levavi
527 3246 657 3303 animam
678 3265 792 3303 meam:
817 3246 900 3304 Deus
922 3244 1065 3320 meuain
1087 3251 1119 3303 te
1137 3244 1258 3317 confido,

60 3339 114 3379 non
128 3323 319 3397 embescam3
341 3344 436 3403 neque
448 3326 594 3385 irrideant
607 3346 654 3384 me
667 3327 781 3384 inimici
795 3328 861 3399 mei,
877 3327 987 3385 etenim
1007 3326 1139 3384 universi
1159 3327 1211 3403 qui
1230 3331 1261 3383 te

63 3410 213 3478 expectant
226 3425 286 3464 non
301 3407 528 3468 confundentur.

115 3484 234 3544 Secreta.

116 3565 246 3638 Hostias,
256 3587 431 3645 quaesumus‚
442 3569 579 3641 Domine,
591 3589 663 3645 quas
677 3568 735 3626 tibi
748 3569 905 3642 offerimus,
920 3568 1066 3646 propitius
1079 3568 1189 3644 respice
1199 3587 1209 3641 3
1230 3576 1261 3626 et

71 3658 110 3714 per
120 3645 179 3705 huc
192 3656 297 3707 sancta
309 3651 483 3709 commercia
497 3651 616 3708 vincula
636 3655 823 3727 peccatorum
843 3657 1013 3708 nostrorum
1032 3649 1159 3708 absolve.
1202 3650 1261 3708 Per

74 3719 224 3786 Dominum

117 3806 298 3869 Communis.

116 3888 136 3946 J
137 3897 220 3949 ustus
233 3892 389 3965 Dominus,
405 3899 437 3952 et
446 3893 581 3971 justitias
594 3893 719 3951 dilexit:
740 3892 910 3969 {equitatem
924 3893 1001 3950 vidit
1014 3893 1117 3950 vultus
1130 3893 1200 3968 ejus

118 3968 358 4032 Poulcommuuio.

117 4048 202 4110 Vitia
221 4055 318 4112 cordis
340 4054 464 4120 humani
485 4055 556 4129 haec,
579 4055 716 4127 Domine,
746 4074 921 4132 quaesumus,
949 4054 1096 4113 medicina
1122 4053 1259 4112 salutaris

10 4156 12 4162 ’
66 4135 232 4208 ⁰⁰mpescat5
251 4155 317 4212 quae
331 4137 522 4195 mortalitatis
535 4144 643 4195 nostrae
656 4136 741 4194 venit
754 4156 857 4194 curare
870 4136 1032 4214 languores.
1075 4135 1141 4193 Per.

119 4211 208 4290 Super
223 4217 378 4293 popsduot.

120 4290 205 4370 Deus,
224 4297 402 4356 innocentiae
423 4280 578 4357 restitutor
599 4305 629 4356 et
650 4305 773 4372 amator,
795 4298 890 4376 dirige
913 4297 951 4356 ad
973 4303 1005 4355 te
1028 4303 1149 4372 tuorum
1171 4297 1259 4354 corda
1371 4329 1377 4340 ·

54 4372 222 4451 ”Notum
234 4384 271 4437 ut
285 4378 416 4457 Spiritus
425 4381 473 4438 tui
482 4382 596 4439 fervore
610 4386 759 4457 concepto,
772 4386 803 4438 et
815 4380 848 4436 in
862 4378 919 4436 lide
933 4379 1125 4437 inveniantur
1138 4377 1259 4436 stabiles

52 4444 80 4496 ἰ
95 4446 139 4511 5¹¹
148 4472 229 4535 opere
240 4459 378 4521 sffioeaaa
421 4461 481 4520 Per
494 4462 664 4522 Dominum
708 4461 748 4519 In
761 4461 879 4534 unitate
892 4460 1029 4538 ejusdem.
