2804 4920
350 312 459 380 Misso
479 312 519 380 de
541 313 688 380 Nomou
707 313 797 380 Jeeo.

176 480 229 539 Ad
241 478 321 539 huno
334 498 404 558 ergo
415 498 541 559 propere
553 480 666 540 fontem
680 480 849 554 Sulvstoris,

217 560 265 620 Ut
277 561 397 620 fluentis
416 562 568 640 quippiam
581 561 700 620 huus-im
713 560 840 621 dulcoris
844 582 854 635 ;

216 642 320 719 Atque
333 642 405 700 vito
417 642 567 700 levaomm
581 643 710 719 pretium
723 643 843 715 cruoris,

216 721 299 780 Huic
311 723 358 781 tui
371 723 484 781 curatio
497 723 626 800 profluat
638 723 795 800 languoris

39 836 202 896 &ceredum
215 833 471 912 Joltonnem(x1'x.
492 836 607 914 28-35).

37 916 74 975 In
87 916 140 975 illo
158 923 298 995 tempore,
313 917 414 975 Sciens
430 915 453 974 J
454 936 521 975 esus
534 918 604 994 quie
617 918 682 993 jem
695 917 795 975 omniu
811 921 1014 976 consummate
1031 922 1117 976 erunt
1134 916 1171 976 do

10 1016 144 1137 memus
156 997 199 1056 od
210 1004 241 1056 et
254 1017 358 1056 verum
372 1004 417 1056 est
430 998 634 1056 testimonium
648 999 720 1074 ejus.

113 1098 139 1136 o.

35 1158 228 1234 offertorium.

33 1239 267 1298 Insurrexerunt
282 1239 315 1297 in
329 1259 376 1298 me
391 1239 449 1297 viri
464 1238 581 1316 iniqui:
605 1245 635 1299 et
648 1238 759 1317 ubsque
778 1239 976 1298 misericordis
989 1239 1169 1317 quesierunt

10 1340 17 1375 t
41 1320 225 1381 interfluere:
246 1328 277 1378 et
294 1340 355 1378 non
376 1327 570 1398 pepercerunt
586 1320 619 1378 in
639 1319 743 1378 faeiem
766 1340 862 1378 meum
883 1340 994 1398 spuere,
1010 1326 1042 1379 et
1060 1322 1168 1381 leneeis

10 1420 33 1458 s
46 1401 281 1460 vulneravenmt
294 1421 351 1474 me,
364 1408 395 1460 et
408 1420 547 1460 eononsse
560 1406 632 1459 sunt
643 1400 743 1459 omnis
755 1420 821 1460 osse
833 1421 906 1461 mes.

31 1562 162 1621 Domine
183 1563 204 1622 J
205 1582 257 1621 esu
277 1562 403 1634 Christe,
417 1563 471 1640 qui
483 1582 537 1641 pro
550 1563 655 1620 mundi
673 1562 874 1640 redemptione
888 1563 981 1622 crucis
998 1563 1112 1638 lignum
1125 1583 1169 1624 us-

10 1642 107 1715 rdisti,
121 1651 157 1701 ιιι
169 1644 324 1703 universus
333 1644 470 1716 mundus,
482 1644 534 1721 qui
547 1644 580 1701 in
592 1643 722 1702 tenebris
735 1650 807 1715 erut,
816 1644 1035 1703 illuminaretur
1046 1665 1056 1719 ς
1074 1645 1166 1718 illum,

10 1741 148 1796 resumns,
162 1722 258 1783 luoem
278 1725 310 1782 in
327 1725 441 1783 unimus
460 1731 576 1783 nostres
596 1730 627 1783 et
640 1743 761 1802 oorporu
779 1731 882 1783 nostre
900 1743 1015 1802 semper
1033 1725 1166 1798 infunde,

10 1822 124 1881 equum
136 1804 175 1863 ad
187 1812 328 1864 aeternem
338 1805 433 1864 luoem
441 1805 595 1882 pervenire
608 1824 778 1865 mereamur.
821 1804 880 1864 Per
893 1805 1065 1865 Dominum.
1108 1807 1168 1877 Qui

10 1886 47 1943 *is
60 1891 93 1944 et
105 1905 209 1963 regnes
221 1906 289 1944 oum
303 1885 366 1944 Deo

30 1977 182 2054 Praesotio.
225 1979 284 2049 Qui
297 1979 431 2038 sulutem.

30 2058 214 2118 Communio.

29 2139 184 2198 Foderunt
197 2159 300 2198 munus
314 2160 394 2199 meus
407 2148 438 2199 et
450 2141 537 2219 pedes
552 2160 648 2199 meos:
669 2147 700 2199 et
713 2141 976 2201 dinumeraverunt
990 2141 1089 2200 omnis
1101 2161 1167 2202 osse

10 2239 42 2281 ι

27 2300 272 2361 Ροειωιηιηιιιιὼ.

26 2382 160 2441 Domine
178 2383 199 2442 J
201 2401 253 2441 esu
273 2382 400 2455 Christe,
421 2383 474 2460 qui
493 2384 566 2442 horu
585 2382 645 2443 diei
664 2388 748 2443 sexte
767 2403 822 2462 pro
841 2383 1041 2463 redemptione
1062 2386 1166 2446 mundi

10 2463 60 2523 leis
68 2462 236 2541 patibulum
249 2463 414 2535 aseendisti
426 2471 457 2522 et
469 2464 641 2542 sanguinem
654 2471 741 2522 tuum
748 2464 910 2541 pretiosum
922 2465 955 2524 in
965 2466 1165 2526 remissionem

10 2550 154 2603 ustorum
177 2550 346 2602 nostrorum
366 2544 485 2618 fudisti3
519 2552 550 2604 te
570 2543 723 2604 humiliter
748 2545 945 2624 deprecemur,
967 2553 1003 2605 ut
1029 2566 1082 2625 per
1105 2555 1165 2605 tues

10 2625 110 2685 sionis
130 2630 161 2684 et
184 2625 342 2685 vulnerum
365 2631 486 2683 tuorum
509 2625 623 2698 merito,
649 2633 717 2704 post
737 2626 854 2686 obitum
872 2633 1007 2686 nostrum
1033 2628 1164 2704 peredisi

10 2724 86 2766 uum
100 2705 264 2784 gaudenter
276 2705 400 2766 introire
412 2725 585 2767 mereamur.
628 2704 689 2777 Qui
701 2706 787 2766 vivis

363 2899 466 2960 Misus
485 2917 527 2961 on
546 2901 678 2961 Nonum
695 2902 783 2963 imo.

21 3043 202 3119 Οιιὶσιιπᾳιιο
224 3043 300 3103 lione
321 3044 446 3104 Musam
466 3043 562 3106 devote
584 3046 763 3107 seherum
785 3046 829 3106 vel
850 3045 988 3106 celebrare
1008 3045 1109 3124 saciat
1128 3049 1163 3107 iu

10 3144 69 3185 tore
83 3122 223 3183 Nominis
234 3123 309 3183 Jesu
316 3146 373 3202 per
386 3126 509 3202 tn'qinto
527 3127 598 3199 dise,
613 3149 769 3205 nonquam
782 3128 922 3187 morietur
935 3128 998 3188 siue
1009 3148 1078 3186 vero
1097 3149 1162 3188 oon·

10 3207 87 3265 tione
119 3213 147 3263 et
172 3205 249 3264 bom
282 3207 451 3267 wntritiom
477 3217 563 3286 atque
589 3208 681 3285 dr'qm
711 3207 908 3284 satisfactione
929 3218 956 3266 et
979 3218 1162 3268 saerosaucto

10 3284 165 3347 metm
186 3294 213 3344 et
235 3287 330 3345 saneti
352 3288 407 3347 olei
422 3288 582 3349 anaim:
602 3297 629 3348 et
645 3287 731 3365 iolla
752 3289 876 3365 trt'qinto
888 3289 952 3348 dies
965 3298 1034 3366 poet
1051 3289 1162 3350 οόἰιιιιη

10 3387 48 3427 m
62 3367 106 3425 od
117 3365 231 3442 quadie
243 3368 416 3444 strepitum
429 3371 572 3446 perveniet
581 3393 591 3429 :
610 3378 638 3428 et
650 3369 761 3428 liolelril
776 3390 834 3446 pro
848 3369 975 3446 quolibet
987 3371 1084 3429 Misso
1097 3372 1160 3431 trio

10 3446 60 3507 tta
82 3466 230 3506 annorum
253 3446 443 3526 indolqeeiae
463 3471 483 3509 a
505 3450 633 3510 Domino
651 3469 735 3528 popo
754 3449 911 3527 Bonifatio
930 3451 965 3510 in
980 3453 1161 3515 ammone

10 3526 226 3589 oniNominte
237 3525 318 3589 lesu
898 3576 901 3586 .

20 3619 169 3698 Officium.
1233 3687 1239 3697 ,

17 3700 62 3762 In
76 3700 196 3760 nomine
209 3701 331 3761 Domini
343 3701 367 3761 J
366 3722 418 3761 esu
430 3723 517 3763 omne
529 3724 608 3781 genu
621 3704 759 3766 fleetetur
778 3707 949 3782 coelestium,
963 3706 1158 3781 terrestrium,

10 3782 207 3841 infernorum:
227 3789 259 3842 ot
272 3783 368 3841 omnis
381 3782 483 3860 lingue
495 3787 680 3862 oondteutrm
695 3788 766 3866 quis
785 3786 933 3847 Dominus
951 3795 1052 3847 nostor
1068 3787 1092 3850 J
1092 3807 1159 3850 esus

10 3863 101 3922 rietus
114 3862 147 3918 in
159 3861 253 3940 glorie
266 3871 311 3922 est
324 3863 382 3923 Dei
394 3862 501 3923 Putris

17 4035 156 4134 Imuduto
182 4036 353 4112 Dominum,
380 4037 451 4116 quio
476 4037 571 4097 bonus
598 4036 764 4099 Dominus:
797 4038 914 4115 psallite
941 4041 1056 4102 nomini
1081 4043 1156 4120 ejus,

10 4136 103 4176 mmm
117 4135 216 4177 suevo

19 4196 136 4259 Oratio.

15 4277 112 4350 Deus,
136 4277 189 4355 qui
209 4278 449 4357 gloriosissimum
471 4299 578 4338 nomen
599 4280 675 4341 ,lesu
694 4279 816 4354 christi,
836 4278 984 4359 unigeniti
1003 4282 1076 4341 Filii
1099 4284 1155 4357 tui,

10 4360 54 4419 sti
83 4359 220 4418 fidelibus
246 4360 307 4419 tuis
333 4380 454 4419 summm
481 4361 637 4421 suavitudo
662 4362 772 4422 effectu
797 4361 932 4438 amabile,
961 4368 993 4424 et
1018 4363 1156 4442 malignis

10 4440 114 4501 itibus
132 4440 320 4500 tremendum
333 4460 367 4501 so
379 4439 512 4501 terribile
519 4460 531 4516 ;
549 4441 675 4505 eonesde
693 4441 850 4521 propitius,
863 4449 900 4504 ut
914 4445 1081 4524 omnesqui
1099 4444 1155 4506 hoe
