2804 4920
399 295 447 359 In
469 293 524 360 die
545 295 763 362 :incensionis
784 295 937 364 Domini.
1204 304 1265 369 161

130 461 274 522 Psalmus.

127 541 262 620 Cumque
274 543 464 601 intuerentur
476 543 509 600 in
522 543 626 601 caelnm
637 550 756 602 ennmm
770 544 870 604 illum:
884 565 949 606 ecce
962 546 1022 606 duo
1035 547 1094 605 viri
1107 547 1268 607 astiterunt

58 624 153 698 juxta
165 623 232 683 illos
244 624 278 682 in
290 624 422 682 vestibus
435 623 526 682 albis:
548 625 600 701 qui
614 631 645 683 et
658 625 808 684 dixerunt

128 717 231 793 Kysis.
274 717 470 794 Omnipotens
481 716 580 776 Pater.

127 808 268 964 gorffie,
283 910 458 968 quesumus,
473 891 659 967 omnipotens
677 893 769 963 Deus,
784 893 885 970 utqui
905 893 1048 954 hodierna
1061 896 1110 954 die
1125 896 1268 974 Unigeni-

63 978 131 1028 tum
158 978 244 1029 tunm
271 971 486 1049 redemptorem
512 984 647 1030 nostrum
671 973 709 1030 ad
736 974 820 1031 caelos
847 975 1010 1035 ascendisse
1033 976 1187 1050 credimus,
1209 977 1265 1055 ipsi

61 1071 182 1129 quoque
195 1058 294 1110 mente
307 1053 340 1110 in
353 1052 517 1111 caelestibus
530 1051 705 1113 habitemus.
757 1054 815 1112 Per
828 1054 962 1115 eundem.

124 1174 222 1234 Lectio
235 1176 363 1234 ictuum
376 1175 577 1251 Apostolorum
590 1176 626 1251 (i.
646 1177 740 1255 1-11)

125 1268 260 1326 Primum
274 1269 393 1346 quidem
406 1288 568 1327 sermonem
584 1268 639 1326 feci
653 1269 689 1327 de
703 1270 848 1343 omnibns,
864 1272 890 1329 Ο
912 1271 1083 1349 Theophile,
1097 1293 1162 1350 quae
1176 1275 1266 1350 ompit

59 1350 81 1408 ,Ι
84 1369 152 1408 esus
173 1350 268 1408 facere
287 1356 319 1408 et
331 1349 434 1407 docere
454 1369 544 1425 usquc
561 1351 602 1408 od
622 1349 664 1408 sic
678 1351 787 1423 veniet,
803 1353 1051 1429 quemadmodum
1064 1354 1182 1412 vidistis
1195 1375 1263 1413 eum

60 1437 184 1488 eimtem
197 1430 230 1488 in
244 1430 354 1488 ceolum.

59 1522 272 1662 tboeAlleluys„
320 1523 349 1581 V.
378 1523 524 1581 Ascendit
545 1522 627 1580 Dens
648 1524 681 1581 in
697 1524 895 1601 jubilatione:
924 1533 955 1585 et
977 1526 1124 1586 Dominus
1144 1529 1176 1585 in
1194 1547 1265 1587 voce

73 1625 93 1661 ιι
142 1648 149 1662 .

121 1696 271 1775 Alleluya
320 1695 349 1754 V.
372 1696 544 1754 Ascendens
558 1696 694 1755 Christus
713 1697 879 1758 inultum:
901 1700 1046 1777 captivam
1067 1702 1155 1759 duxit
1175 1702 1265 1779 cepti-

58 1779 195 1852 vitatem,
208 1777 291 1837 dedit
304 1777 383 1836 donn
395 1776 570 1835 hominibus

122 1870 182 1930 Per
197 1869 325 1930 Octavus.
362 1869 510 1945 Alleluya.
554 1868 583 1927 V.
606 1869 676 1927 Viri
691 1869 808 1928 Galilaei
821 1872 874 1949 qui
887 1872 1076 1932 admiramini
1089 1875 1264 1951 aspicientes

56 1952 91 2009 in
111 1952 224 2010 coelum
268 1950 522 2022 Quemadmodum
542 1949 660 2008 vidistis
681 1970 749 2008 eum
771 1960 891 2012 euntem
912 1954 944 2011 in
964 1954 1077 2027 osclum,
1092 1956 1136 2013 its
1154 1956 1260 2014 veniet.

58 2030 135 2113 [nisi
147 2033 267 2092 Festum
281 2033 373 2091 trium
383 2031 552 2090 Lectionum
564 2030 835 2114 inpedias-Mn]

121 2145 285 2223 Sequentia.

58 2244 129 2303 Rex
144 2245 338 2320 omnipotens,
353 2243 402 2300 die
415 2241 565 2314 hodierna,

57 2325 178 2382 Mundo
191 2323 366 2400 triumphali
379 2323 531 2399 redempto
544 2323 685 2398 potentis,

57 2406 169 2464 Victor
182 2405 315 2464 ascendit
327 2404 420 2476 caelos,
437 2404 516 2461 unde
529 2403 723 2462 descenderat

57 2485 141 2545 Nam
155 2486 352 2564 qnadraginta
365 2493 521 2562 postquam
535 2493 706 2543 surrexerat

60 2567 175 2626 Diebus
188 2567 278 2625 sacris
290 2568 466 2624 continuans
479 2571 597 2643 pectora

58 2647 281 2726 Apostolorum,
295 2648 375 2725 pacis
388 2667 455 2706 cara
468 2647 638 2722 relinquens
651 2646 758 2720 oscula,

56 2730 176 2800 Quibus
188 2736 220 2787 et
233 2728 317 2788 dedit
329 2735 503 2806 potestatem
517 2727 638 2785 laxandi
651 2728 784 2800 crimina,

58 2810 98 2868 Et
113 2811 198 2868 misit
210 2829 259 2868 eos
272 2811 305 2867 in
318 2810 473 2881 mnndum,
487 2808 636 2885 baptizare
649 2815 769 2866 cunctss
783 2809 905 2881 animas,

59 2891 95 2949 ln
110 2892 213 2950 Patris
221 2899 254 2949 et
267 2889 340 2948 Filii
353 2896 384 2948 et
398 2888 526 2967 Spiritus
540 2889 642 2947 Sancti
655 2889 810 2948 clementia
821 2910 830 2962 3

59 2973 98 3030 Et
110 2972 299 3045 consessore,
312 2971 451 3049 praecepit
464 2970 506 3028 eis
519 2971 557 3028 ab
571 2970 786 3047 Hierosolymis

59 3053 106 3111 Ne
119 3053 247 3125 abirent,
260 3053 313 3111 sed
325 3057 515 3129 expectarent
528 3051 670 3128 promissa
682 3071 823 3124 munera;

61 3133 129 3192 Non
143 3141 210 3211 post
223 3133 335 3192 multos
347 3133 427 3191 enim
440 3132 503 3190 dies
515 3133 634 3189 mittam
647 3132 731 3191 vobis
745 3131 889 3209 Spiritum
903 3132 1084 3190 Paraclitum
1099 3134 1131 3191 in
1146 3141 1232 3207 terra,

64 3214 101 3272 Et
113 3214 197 3273 eritis
210 3214 285 3273 mibi
298 3221 389 3273 testes
403 3214 434 3271 in
449 3213 646 3285 Hierusalem,
661 3213 683 3271 J
684 3213 776 3285 udoea,
790 3214 851 3271 sive
866 3212 1006 3271 Samaria

66 3294 179 3353 Etcum
193 3296 250 3354 hoc
263 3295 397 3365 dixisset,
411 3293 579 3352 videntibus
592 3293 662 3365 illis,
677 3293 808 3351 elevatus
821 3301 875 3366 est,
891 3302 922 3353 et
935 3294 1028 3353 nubes
1041 3294 1120 3353 clara

68 3374 195 3454 Suscepit
208 3397 277 3435 eum
291 3377 329 3434 ab
343 3395 445 3434 eorum
458 3375 557 3433 oculis.
601 3374 795 3432 Intuentibus
808 3375 868 3434 illis
881 3374 1000 3449 sethona,

72 3452 137 3515 Foco
147 3464 255 3517 stetere
267 3457 370 3516 amicti
382 3456 442 3514 duo
456 3455 513 3513 viri
530 3457 563 3513 in
576 3462 658 3514 veste
671 3455 739 3514 alba

75 3534 158 3597 iuxta
169 3538 309 3610 dicentes,
325 3536 405 3608 Quid
418 3536 606 3595 admiramini
619 3536 758 3595 cselomm
771 3536 853 3595 altat

77 3614 150 3676 lmus
161 3621 239 3678 enim
251 3619 311 3690 hic,
324 3619 376 3696 qni
389 3625 557 3694 assumptus
569 3623 615 3675 est
627 3637 645 3675 a
659 3617 742 3674 vobis
755 3617 793 3675 ad
807 3616 906 3675 Patria
919 3617 1081 3692 dexteram,

84 3694 118 3752 Ut
129 3701 259 3771 ascendit,
274 3702 318 3758 ita
330 3699 439 3770 veniet,
455 3717 588 3775 quaerens
601 3698 709 3755 talenti
722 3698 868 3755 commissi
882 3698 971 3757 lucra

85 3776 105 3830 0
117 3777 194 3851 Dens,
203 3781 317 3851 crolum,
329 3799 418 3850 mare,
433 3777 566 3850 arsum*
578 3777 727 3837 hominem
738 3779 790 3856 qui
801 3780 914 3852 creasti,
926 3800 1013 3856 quem
1024 3781 1127 3840 frande
1138 3782 1261 3840 subdola

87 3852 170 3917 Hostis
181 3862 297 3941 expulit
308 3861 443 3938 paradiso
456 3861 683 3935 etcsptivatum
696 3879 795 3917 secum
809 3861 904 3919 traxit
915 3861 953 3919 ad
967 3867 1087 3934 tartara,

89 3932 210 4014 busim
222 3943 341 4021 proprio
354 3961 442 4018 quem
456 3939 607 3998 redemisti
620 3939 710 4011 Deus,

93 4010 149 4074 llluc
159 4030 186 4079 et
196 4023 340 4100 provehis,
352 4023 430 4080 unde
444 4021 526 4098 prius
539 4021 661 4091 corruit,
674 4020 802 4098 paradisi
815 4021 929 4100 gaudia.

93 4089 241 4163 ludoicum
254 4104 378 4176 veneris,
389 4102 523 4180 judicare
538 4101 687 4174 saeculum,

96 4168 130 4230 br
139 4180 216 4257 nobis,
229 4186 366 4280 petimus,
379 4183 559 4260 sempiterna
571 4181 679 4259 gaudia
692 4182 725 4240 in
738 4187 905 4242 sanctorum
920 4184 1026 4263 patris,

97 4247 241 4332 lusson
254 4273 406 4327 enema
419 4283 521 4324 omnes
533 4263 668 4342 anonya

438 4435 451 4462 ⁶
468 4433 564 4481 len-0
576 4433 644 4482 Deus
653 4434 733 4494 mm,
742 4433 801 4496 poli,
811 4434 870 4481 ari-i.

659 4527 679 4569 Ι,
