2806 4920
446 347 495 411 Ia
517 345 639 412 Natali
661 345 771 411 attius
794 347 958 430 Apostoli.
1222 347 1282 416 371

83 514 218 586 Andrias,
233 513 388 585 Thaddaee,
405 513 462 570 Dei
477 513 633 571 bellatores
647 512 760 590 inclyti,

83 596 131 653 En
144 615 197 652 vos
207 595 313 665 oriens,
328 606 359 653 et
372 595 514 663 occidens,
529 596 620 651 immo
642 600 719 651 teres
740 595 843 652 mundi
864 594 999 666 circulus,
1014 614 1045 652 se
1066 601 1164 671 patres
1177 593 1285 651 habere

202 677 343 752 gaudent,
358 685 389 734 et
402 683 576 751 exspectant
585 675 719 751 judices,

83 757 122 814 nt
141 756 250 815 idcireo
264 757 393 814 mundus
407 759 502 814 omnis
516 757 617 814 laudes
628 756 711 813 vobis
725 763 764 813 et
770 756 895 814 honores
908 758 1018 814 sanctis
1032 757 1146 814 debitos
1159 755 1284 833 supplex

202 838 355 914 impendit.

140 919 214 976 Hoeo
226 939 345 993 septiens
357 917 514 993 Sequentia
526 919 639 976 dicetur
651 919 685 976 in
698 918 793 976 Fertis
801 919 1002 995 plurimorum
1017 918 1219 993 apostolorum.

140 1001 305 1074 Sequentia.

199 1080 343 1156 Alleluya
357 1100 436 1137 nune
449 1080 587 1138 decantet
607 1080 784 1138 universalis
798 1080 937 1151 Ecclesia,

201 1161 381 1218 Extollenda
395 1161 481 1218 laude
495 1162 572 1219 celsa
584 1162 785 1237 apostolorum
799 1161 934 1237 iusignia

202 1243 336 1312 Quorum
350 1243 486 1318 princeps
499 1262 552 1318 pei·
565 1262 680 1299 crucem
695 1242 809 1298 scandit
824 1243 930 1299 Petrus
944 1241 1006 1298 alta
1019 1241 1079 1317 poli
1093 1241 1189 1299 sidera
1201 1261 1209 1313 ;

201 1324 314 1381 Doctor
327 1324 406 1381 orbis
419 1324 585 1399 triumphat
598 1325 653 1380 suh
668 1323 788 1380 Nerone
802 1325 874 1379 urbe
888 1324 919 1379 iu
935 1323 1088 1380 Romulea.

199 1406 283 1462 Crux
295 1404 424 1462 Andreae
436 1404 524 1480 digna
535 1404 649 1461 confert
663 1407 790 1480 praemia,
802 1404 823 1462 J
825 1405 932 1461 aeohus
943 1411 1068 1480 uterque
1079 1403 1156 1461 nitet
1170 1403 1279 1475 laurea,

201 1485 337 1543 Herodes
351 1486 445 1555 illuni,
462 1485 540 1541 hune
554 1485 682 1542 Judaica
694 1505 765 1560 gens
779 1485 960 1542 transmittit
973 1485 1010 1543 nd
1025 1485 1142 1543 aethera

199 1566 278 1623 Sunt
285 1567 306 1625 J
308 1566 427 1637 ehanni,
439 1579 510 1623 sunt
519 1565 665 1623 Matthoeo
679 1566 785 1623 collata
798 1567 857 1622 duo
871 1566 950 1623 clara
962 1568 1125 1642 gratiarum
1139 1584 1277 1623 munera:

200 1646 354 1722 Hyrtacus
368 1647 453 1704 illum
466 1654 560 1718 necat,
576 1648 655 1704 hunc
675 1667 742 1703 suas
755 1646 776 1704 J
778 1667 844 1703 esus
857 1657 943 1704 vocat
956 1648 993 1704 ad
1007 1647 1115 1723 epulas.

201 1727 367 1804 Philippus,
384 1728 605 1802 christigratia
620 1729 734 1798 doeens,
751 1728 890 1804 praedicat
903 1728 934 1785 in
950 1727 1079 1803 Scythia

199 1808 336 1880 Thomas,
350 1810 498 1867 confossus
511 1809 619 1879 lancea,
635 1829 751 1866 enisum
766 1815 950 1866 consummat
963 1809 995 1865 in
1009 1807 1105 1868 India

199 1889 302 1946 Simon
315 1899 346 1947 et
359 1890 381 1947 J
382 1891 455 1946 udas
468 1889 539 1946 dum
553 1909 634 1947 saera
649 1889 747 1947 Persis
761 1890 922 1947 ostendunt
935 1890 1059 1960 monita,

199 1970 297 2027 Fusus
310 1971 428 2047 sanguis
442 1971 542 2027 ambos
555 1971 631 2027 stola
645 1971 816 2046 perornavit
829 1990 984 2047 purpurea.

198 2051 432 2108 Bartholomaeus
445 2052 498 2107 det
511 2051 595 2108 Indis
609 2053 678 2108 vitre
692 2051 837 2127 dogmata

198 2131 336 2189 Matthiae
350 2132 479 2188 eulmina
492 2133 574 2189 dedit
588 2152 650 2189 sors
664 2133 832 2208 apostolica.

200 2212 328 2269 Plaudet
355 2233 424 2288 ergo
449 2213 545 2282 tellus,
572 2213 692 2288 plaudat
714 2213 851 2270 calorum
872 2215 962 2284 curia,
984 2220 1015 2271 et
1038 2213 1093 2271 hae
1120 2212 1168 2270 die
1194 2231 1276 2269 saera

277 2293 399 2366 plaudat
412 2313 538 2368 praesens
551 2294 632 2350 famil
637 2295 673 2364 ia,

197 2374 381 2431 Honorando
395 2383 579 2431 sacrosancta
591 2374 791 2451 apostolorum
806 2375 919 2432 merita

197 2454 243 2512 Hi
256 2454 509 2513 suntcandelahra
522 2463 592 2513 ante
607 2456 702 2512 Deum
718 2456 858 2528 lucentia,

197 2534 243 2592 Hi
256 2537 380 2612 praelati,
395 2537 471 2593 celsa
484 2537 592 2593 summi
608 2537 699 2613 Regis
713 2537 745 2592 in
759 2538 850 2606 euris,

197 2617 243 2674 Hi
256 2617 297 2673 sal
313 2624 409 2689 terra,
424 2617 456 2674 hi
470 2617 523 2674 lux
537 2619 651 2688 muudi,
667 2620 698 2674 hi
712 2618 790 2675 clara
804 2618 868 2675 eseli
881 2617 1014 2674 lumina:

196 2698 462 2775 Oquanta,quau1
483 2699 737 2774 p1·aeelara,quam
752 2699 884 2775 jocunda
897 2699 1084 2756 celebrantur
1101 2699 1155 2756 liae
1172 2717 1273 2755 mensa

277 2799 420 2836 convivia

194 2860 215 2918 J
217 2879 264 2916 am
292 2860 399 2936 palma,
418 2862 482 2935 jani
510 2879 625 2933 corona,
650 2861 713 2935 jani
743 2859 885 2937 promissa
914 2860 985 2918 olim
1013 2879 1114 2917 mensa
1140 2859 1200 2917 illis
1227 2867 1273 2916 est

274 2942 415 3017 apposita

193 3021 255 3078 Hie
269 3029 371 3079 nostra
383 3023 444 3078 siut
457 3021 618 3095 sollemnia,

194 3103 263 3159 Sint
276 3111 355 3172 vota,
370 3103 432 3159 sint
446 3105 599 3179 praeconia,

193 3184 262 3240 Sint
274 3191 360 3259 grato
372 3184 494 3240 laudum
507 3184 645 3241 carmina.

128 3265 299 3323 Senonum
312 3263 477 3325 Jotamam
489 3266 553 3335 (ao.
572 3266 685 3339 12-16).

128 3347 170 3404 In
193 3345 246 3403 illo
266 3352 407 3422 tempore,
433 3346 520 3402 Dixit
548 3345 570 3403 J
571 3366 635 3402 esus
656 3346 807 3422 discipulis
820 3347 881 3403 suis
895 3366 903 3417 ;
934 3347 1001 3405 Hoc
1028 3355 1074 3405 est
1094 3355 1271 3425 preceptum

83 3447 176 3497 ienm,
193 3432 229 3483 ut
241 3426 372 3503 diligetis
384 3447 474 3501 nsque
488 3428 528 3483 od
541 3427 574 3482 in
588 3427 706 3483 nomine
721 3447 785 3484 meo
798 3427 849 3485 det
865 3428 954 3485 vohis

127 3506 296 3566 Secundum
309 3507 476 3566 Jolteanem
488 3508 552 3580 (aa
572 3509 686 3584 17-25).

127 3590 168 3648 In
191 3588 244 3646 illo
268 3597 407 3665 tempore,
434 3588 523 3645 Dixit
549 3588 571 3645 J
573 3608 639 3646 esus
666 3588 818 3665 discipulis
844 3589 924 3661 suis,
956 3590 1031 3649 Haec
1059 3593 1166 3650 maudo
1188 3593 1271 3649 vehis

83 3693 158 3748 εᾳιυι
172 3668 215 3727 od
227 3670 299 3745 quia
311 3670 378 3727 odio
392 3669 560 3726 habuerunt
575 3689 620 3727 me
633 3670 733 3744 grstia

126 3752 297 3810 Secundum
312 3749 487 3807 tlatttaenm
501 3751 546 3826 (a.
566 3750 679 3826 lt-tt).

127 3833 168 3890 In
190 3832 243 3888 ille
255 3841 396 3908 tempore,
412 3831 501 3889 Dixit
514 3832 535 3888 J
537 3851 602 3888 esus
622 3830 774 3907 discipulis
794 3832 877 3899 suis;
901 3832 1006 3889 Estote
1023 3852 1092 3910 ergo
1109 3835 1270 3910 prudentes

83 3935 158 3990 sque
171 3914 213 3970 od
226 3913 278 3989 qui
291 3919 392 3970 eutem
406 3913 639 3984 perseveraverit
653 3912 683 3967 in
698 3913 797 3983 finem,
812 3912 860 3969 hic
874 3913 975 3970 salvus
988 3915 1053 3971 crit.

125 3994 283 4070 Sequentia
296 3993 391 4050 sancti
411 3992 571 4066 Enneapelii.
614 3992 781 4050 Secundino
798 3993 909 4050 Laconi
922 3993 1010 4066 (arii.
1028 3995 1142 4072 24-30).

127 4076 167 4133 In
188 4076 240 4131 illo
260 4081 400 4151 tempore,
418 4073 509 4130 Facta
526 4086 571 4131 est
587 4074 737 4131 eontentio
761 4095 851 4150 usqae
871 4075 912 4131 ad
927 4075 1096 4150 judicantes
1114 4079 1269 4138 duodecim

83 4156 164 4214 ribus
178 4155 279 4214 Israel.

128 4237 231 4296 Credo.

129 4315 325 4393 Offlrtorium.

128 4398 166 4456 In
179 4418 297 4457 omnem
310 4406 421 4457 terrain
436 4398 532 4456 exivit
552 4417 640 4456 sonus
661 4417 780 4456 eorum:
801 4405 832 4456 et
845 4398 877 4456 in
892 4399 963 4456 fines
984 4401 1063 4458 orbis
1077 4407 1163 4460 terra
1178 4405 1269 4462 verba

83 4495 178 4542 ’Omm-
