<?xml version="1.0" encoding="UTF-8"?>
<!DOCTYPE html PUBLIC "-//W3C//DTD XHTML 1.0 Transitional//EN"
    "http://www.w3.org/TR/xhtml1/DTD/xhtml1-transitional.dtd">
<html xmlns="http://www.w3.org/1999/xhtml" xml:lang="en" lang="en">
 <head>
  <title>
</title>
<meta http-equiv="Content-Type" content="text/html;charset=utf-8" />
  <meta name='ocr-system' content='tesseract 3.04.00' />
  <meta name='ocr-capabilities' content='ocr_page ocr_carea ocr_par ocr_line ocrx_word'/>
</head>
<body>
  <div class='ocr_page' id='page_1' title='image "./missaleadusumpe00churgoog_0214.png"; bbox 0 0 2806 4920; ppageno 0'>
   <div class='ocr_carea' id='block_1_1' title="bbox 435 385 1298 472">
    <p class='ocr_par' dir='ltr' id='par_1_1' title="bbox 435 385 1298 472">
     <span class='ocr_line' id='line_1_1' title="bbox 435 385 1298 472; baseline 0.006 -21"><span class='ocrx_word' id='word_1_1' title='bbox 435 385 538 451; x_wconf 63' lang='grc' dir='ltr'><strong>Μία</strong></span> <span class='ocrx_word' id='word_1_2' title='bbox 558 385 613 452; x_wconf 85' lang='lat' dir='ltr'><strong>iii.</strong></span> <span class='ocrx_word' id='word_1_3' title='bbox 636 386 680 450; x_wconf 77' lang='lat' dir='ltr'><strong>in</strong></span> <span class='ocrx_word' id='word_1_4' title='bbox 700 386 955 472; x_wconf 74' lang='lat' dir='ltr'><strong>Ropotiooibus.</strong></span> <span class='ocrx_word' id='word_1_5' title='bbox 1234 395 1298 458; x_wconf 77' lang='lat'><strong>159</strong></span> 
     </span>
    </p>
   </div>
   <div class='ocr_carea' id='block_1_2' title="bbox 82 552 1298 1294">
    <p class='ocr_par' dir='ltr' id='par_1_2' title="bbox 82 552 1298 693">
     <span class='ocr_line' id='line_1_2' title="bbox 82 552 1298 631; baseline 0.006 -22"><span class='ocrx_word' id='word_1_6' title='bbox 82 559 145 610; x_wconf 82' lang='lat' dir='ltr'><strong>tuu</strong></span> <span class='ocrx_word' id='word_1_7' title='bbox 165 552 278 629; x_wconf 79' lang='lat' dir='ltr'><strong>pietute</strong></span> <span class='ocrx_word' id='word_1_8' title='bbox 302 553 485 627; x_wconf 84' lang='lat' dir='ltr'><strong>confidimus,</strong></span> <span class='ocrx_word' id='word_1_9' title='bbox 507 560 611 611; x_wconf 81' lang='lat' dir='ltr'><strong>contra</strong></span> <span class='ocrx_word' id='word_1_10' title='bbox 634 553 756 611; x_wconf 81' lang='lat' dir='ltr'><strong>adverse</strong></span> <span class='ocrx_word' id='word_1_11' title='bbox 778 554 877 612; x_wconf 82' lang='lat' dir='ltr'><strong>omnio</strong></span> <span class='ocrx_word' id='word_1_12' title='bbox 897 560 951 611; x_wconf 83' lang='lat' dir='ltr'><strong>tun</strong></span> <span class='ocrx_word' id='word_1_13' title='bbox 974 574 1088 631; x_wconf 81' lang='lat' dir='ltr'><strong>semper</strong></span> <span class='ocrx_word' id='word_1_14' title='bbox 1114 558 1298 631; x_wconf 87' lang='lat' dir='ltr'><strong>protectione</strong></span> 
     </span>
     <span class='ocr_line' id='line_1_3' title="bbox 82 634 378 693; baseline 0.007 -3"><span class='ocrx_word' id='word_1_15' title='bbox 82 634 268 691; x_wconf 85' lang='lat' dir='ltr'><strong>muniamur.</strong></span> <span class='ocrx_word' id='word_1_16' title='bbox 312 634 378 693; x_wconf 89' lang='lat' dir='ltr'><strong>Per.</strong></span> 
     </span>
    </p>

    <p class='ocr_par' dir='ltr' id='par_1_3' title="bbox 150 715 956 791">
     <span class='ocr_line' id='line_1_4' title="bbox 150 715 956 791; baseline 0.001 -18"><span class='ocrx_word' id='word_1_17' title='bbox 150 715 286 773; x_wconf 78' lang='lat' dir='ltr'><strong>Secundo</strong></span> <span class='ocrx_word' id='word_1_18' title='bbox 301 715 402 774; x_wconf 83' lang='lat' dir='ltr'><em>Oratio</em></span> <span class='ocrx_word' id='word_1_19' title='bbox 416 717 450 774; x_wconf 83' lang='lat' dir='ltr'><strong>do</strong></span> <span class='ocrx_word' id='word_1_20' title='bbox 463 715 578 786; x_wconf 80' lang='lat' dir='ltr'><strong>Sancto,</strong></span> <span class='ocrx_word' id='word_1_21' title='bbox 595 715 698 791; x_wconf 80' lang='lat' dir='ltr'><strong>dequo</strong></span> <span class='ocrx_word' id='word_1_22' title='bbox 712 725 752 774; x_wconf 83' lang='lat' dir='ltr'><strong>est</strong></span> <span class='ocrx_word' id='word_1_23' title='bbox 765 715 880 775; x_wconf 77' lang='lat' dir='ltr'><strong>ecclesia</strong></span> <span class='ocrx_word' id='word_1_24' title='bbox 894 715 956 774; x_wconf 86' lang='lat' dir='ltr'><strong>illo.</strong></span> 
     </span>
    </p>

    <p class='ocr_par' dir='ltr' id='par_1_4' title="bbox 154 796 655 855">
     <span class='ocr_line' id='line_1_5' title="bbox 154 796 655 855; baseline 0.004 -3"><span class='ocrx_word' id='word_1_25' title='bbox 154 796 255 853; x_wconf 79' lang='lat' dir='ltr'><strong>Tertio</strong></span> <span class='ocrx_word' id='word_1_26' title='bbox 270 796 371 855; x_wconf 78' lang='lat' dir='ltr'><strong><em>Oratio</em></strong></span> <span class='ocrx_word' id='word_1_27' title='bbox 385 799 419 855; x_wconf 79' lang='lat' dir='ltr'><strong>clo</strong></span> <span class='ocrx_word' id='word_1_28' title='bbox 433 796 655 854; x_wconf 74' lang='lat' dir='ltr'><strong>Rcocrrectione.</strong></span> 
     </span>
    </p>

    <p class='ocr_par' dir='ltr' id='par_1_5' title="bbox 151 892 947 971">
     <span class='ocr_line' id='line_1_6' title="bbox 151 892 947 971; baseline 0.005 -23"><span class='ocrx_word' id='word_1_29' title='bbox 151 892 249 950; x_wconf 70' lang='lat' dir='ltr'><strong>lectio</strong></span> <span class='ocrx_word' id='word_1_30' title='bbox 263 894 401 970; x_wconf 69' lang='lat' dir='ltr'><strong>Eputole</strong></span> <span class='ocrx_word' id='word_1_31' title='bbox 414 894 488 952; x_wconf 82' lang='lat' dir='ltr'><strong>boati</strong></span> <span class='ocrx_word' id='word_1_32' title='bbox 502 894 606 954; x_wconf 80' lang='lat' dir='ltr'><strong>Jacoti</strong></span> <span class='ocrx_word' id='word_1_33' title='bbox 618 893 750 969; x_wconf 72' lang='lat' dir='ltr'><em>Apostoli</em></span> <span class='ocrx_word' id='word_1_34' title='bbox 766 895 809 971; x_wconf 84' lang='lat' dir='ltr'><strong>(c.</strong></span> <span class='ocrx_word' id='word_1_35' title='bbox 830 895 920 950; x_wconf 78' lang='lat'>16-20</span> <span class='ocrx_word' id='word_1_36' title='bbox 921 897 947 970; x_wconf 90' lang='lat'><strong>).</strong></span> 
     </span>
    </p>

    <p class='ocr_par' dir='ltr' id='par_1_6' title="bbox 82 974 1296 1132">
     <span class='ocr_line' id='line_1_7' title="bbox 152 974 1296 1056; baseline 0.004 -24"><span class='ocrx_word' id='word_1_37' title='bbox 152 974 322 1032; x_wconf 70' lang='lat' dir='ltr'><strong>Uerissimi:</strong></span> <span class='ocrx_word' id='word_1_38' title='bbox 343 976 532 1034; x_wconf 72' lang='lat' dir='ltr'><strong>confitemini</strong></span> <span class='ocrx_word' id='word_1_39' title='bbox 551 975 729 1032; x_wconf 83' lang='lat' dir='ltr'><strong>alterutrum</strong></span> <span class='ocrx_word' id='word_1_40' title='bbox 750 983 868 1053; x_wconf 81' lang='lat' dir='ltr'><strong>peccata</strong></span> <span class='ocrx_word' id='word_1_41' title='bbox 882 982 981 1033; x_wconf 83' lang='lat' dir='ltr'><strong>vestro</strong></span> <span class='ocrx_word' id='word_1_42' title='bbox 998 995 1086 1052; x_wconf 80' lang='lat' dir='ltr'><strong>usquc</strong></span> <span class='ocrx_word' id='word_1_43' title='bbox 1103 977 1145 1035; x_wconf 85' lang='lat' dir='ltr'><strong>od</strong></span> <span class='ocrx_word' id='word_1_44' title='bbox 1156 984 1188 1036; x_wconf 85' lang='lat' dir='ltr'><strong>et</strong></span> <span class='ocrx_word' id='word_1_45' title='bbox 1202 979 1296 1056; x_wconf 86' lang='lat' dir='ltr'><strong>operit</strong></span> 
     </span>
     <span class='ocr_line' id='line_1_8' title="bbox 82 1054 681 1132; baseline 0.007 -22"><span class='ocrx_word' id='word_1_46' title='bbox 82 1054 315 1113; x_wconf 81' lang='lat' dir='ltr'><strong>multitudinem</strong></span> <span class='ocrx_word' id='word_1_47' title='bbox 328 1063 521 1132; x_wconf 80' lang='lat' dir='ltr'><strong>peccatorum.</strong></span> <span class='ocrx_word' id='word_1_48' title='bbox 676 1062 681 1075; x_wconf 93' lang='lat'>&#39;</span> 
     </span>
    </p>

    <p class='ocr_par' dir='ltr' id='par_1_7' title="bbox 82 1136 1294 1294">
     <span class='ocr_line' id='line_1_9' title="bbox 151 1136 1294 1215; baseline 0.006 -24"><span class='ocrx_word' id='word_1_49' title='bbox 151 1136 300 1213; x_wconf 72' lang='lat' dir='ltr'><strong>Alleluyo.</strong></span> <span class='ocrx_word' id='word_1_50' title='bbox 350 1137 378 1195; x_wconf 75' lang='lat' dir='ltr'><strong>V.</strong></span> <span class='ocrx_word' id='word_1_51' title='bbox 409 1137 601 1195; x_wconf 78' lang='lat' dir='ltr'><strong>Confitemini</strong></span> <span class='ocrx_word' id='word_1_52' title='bbox 624 1136 754 1195; x_wconf 89' lang='lat' dir='ltr'><strong>Domino</strong></span> <span class='ocrx_word' id='word_1_53' title='bbox 777 1137 917 1213; x_wconf 82' lang='lat' dir='ltr'><strong>quoniam</strong></span> <span class='ocrx_word' id='word_1_54' title='bbox 944 1137 1063 1196; x_wconf 88' lang='lat' dir='ltr'><strong>bonus:</strong></span> <span class='ocrx_word' id='word_1_55' title='bbox 1097 1141 1239 1215; x_wconf 82' lang='lat' dir='ltr'><strong>quoniam</strong></span> <span class='ocrx_word' id='word_1_56' title='bbox 1263 1141 1294 1198; x_wconf 91' lang='lat' dir='ltr'><strong>in</strong></span> 
     </span>
     <span class='ocr_line' id='line_1_10' title="bbox 82 1216 527 1294; baseline 0.002 -20"><span class='ocrx_word' id='word_1_57' title='bbox 82 1216 230 1275; x_wconf 86' lang='lat' dir='ltr'><strong>saeculum</strong></span> <span class='ocrx_word' id='word_1_58' title='bbox 245 1218 443 1276; x_wconf 80' lang='lat' dir='ltr'><strong>misericordis</strong></span> <span class='ocrx_word' id='word_1_59' title='bbox 456 1219 527 1294; x_wconf 85' lang='lat' dir='ltr'><strong>ejus.</strong></span> 
     </span>
    </p>
   </div>
   <div class='ocr_carea' id='block_1_3' title="bbox 65 1314 1296 3260">
    <p class='ocr_par' dir='ltr' id='par_1_8' title="bbox 151 1314 624 1393">
     <span class='ocr_line' id='line_1_11' title="bbox 151 1314 624 1393; baseline 0.004 -20"><span class='ocrx_word' id='word_1_60' title='bbox 151 1314 317 1373; x_wconf 75' lang='lat' dir='ltr'><strong>Secundum</strong></span> <span class='ocrx_word' id='word_1_61' title='bbox 330 1315 442 1374; x_wconf 81' lang='lat' dir='ltr'><strong>Lucom-</strong></span> <span class='ocrx_word' id='word_1_62' title='bbox 455 1316 511 1391; x_wconf 75' lang='lat' dir='ltr'><strong>(ci.</strong></span> <span class='ocrx_word' id='word_1_63' title='bbox 528 1316 624 1393; x_wconf 84' lang='lat'><strong>5-13).</strong></span> 
     </span>
    </p>

    <p class='ocr_par' dir='ltr' id='par_1_9' title="bbox 82 1395 1296 1635">
     <span class='ocr_line' id='line_1_12' title="bbox 152 1395 1296 1474; baseline 0.004 -21"><span class='ocrx_word' id='word_1_64' title='bbox 152 1395 192 1453; x_wconf 91' lang='lat' dir='ltr'><strong>Iu</strong></span> <span class='ocrx_word' id='word_1_65' title='bbox 207 1396 257 1453; x_wconf 93' lang='lat' dir='ltr'><strong>illo</strong></span> <span class='ocrx_word' id='word_1_66' title='bbox 271 1404 410 1474; x_wconf 89' lang='lat' dir='ltr'><strong>tempore,</strong></span> <span class='ocrx_word' id='word_1_67' title='bbox 427 1397 516 1454; x_wconf 87' lang='lat' dir='ltr'><strong>Dixit</strong></span> <span class='ocrx_word' id='word_1_68' title='bbox 537 1398 559 1456; x_wconf 88' lang='lat' dir='ltr'>J</span> <span class='ocrx_word' id='word_1_69' title='bbox 561 1417 626 1454; x_wconf 86' lang='lat' dir='ltr'><strong>esus</strong></span> <span class='ocrx_word' id='word_1_70' title='bbox 643 1397 794 1474; x_wconf 80' lang='lat' dir='ltr'><strong>discipulis</strong></span> <span class='ocrx_word' id='word_1_71' title='bbox 816 1398 894 1468; x_wconf 85' lang='lat' dir='ltr'><strong>suis;</strong></span> <span class='ocrx_word' id='word_1_72' title='bbox 925 1398 999 1467; x_wconf 80' lang='lat' dir='ltr'><strong>Quis</strong></span> <span class='ocrx_word' id='word_1_73' title='bbox 1020 1404 1151 1456; x_wconf 74' lang='lat' dir='ltr'><strong>vestrum</strong></span> <span class='ocrx_word' id='word_1_74' title='bbox 1174 1401 1296 1458; x_wconf 75' lang='lat' dir='ltr'><strong>habebit</strong></span> 
     </span>
     <span class='ocr_line' id='line_1_13' title="bbox 82 1477 1294 1557; baseline 0.003 -23"><span class='ocrx_word' id='word_1_75' title='bbox 82 1477 226 1547; x_wconf 87' lang='lat' dir='ltr'><strong>amicum,</strong></span> <span class='ocrx_word' id='word_1_76' title='bbox 242 1485 273 1534; x_wconf 87' lang='lat' dir='ltr'><strong>ot</strong></span> <span class='ocrx_word' id='word_1_77' title='bbox 292 1478 349 1534; x_wconf 89' lang='lat' dir='ltr'><strong>ibit</strong></span> <span class='ocrx_word' id='word_1_78' title='bbox 369 1477 407 1535; x_wconf 91' lang='lat' dir='ltr'><strong>ad</strong></span> <span class='ocrx_word' id='word_1_79' title='bbox 426 1478 513 1536; x_wconf 91' lang='lat' dir='ltr'><strong>illum</strong></span> <span class='ocrx_word' id='word_1_80' title='bbox 527 1478 623 1535; x_wconf 82' lang='lat' dir='ltr'><strong>medis</strong></span> <span class='ocrx_word' id='word_1_81' title='bbox 636 1486 723 1536; x_wconf 88' lang='lat' dir='ltr'><strong>nocte</strong></span> <span class='ocrx_word' id='word_1_82' title='bbox 742 1498 833 1554; x_wconf 83' lang='lat' dir='ltr'><strong>usquc</strong></span> <span class='ocrx_word' id='word_1_83' title='bbox 853 1480 894 1536; x_wconf 57' lang='lat' dir='ltr'><strong>all</strong></span> <span class='ocrx_word' id='word_1_84' title='bbox 914 1479 998 1537; x_wconf 81' lang='lat' dir='ltr'><strong>dabit</strong></span> <span class='ocrx_word' id='word_1_85' title='bbox 1019 1479 1164 1557; x_wconf 84' lang='lat' dir='ltr'><strong>Spiritum</strong></span> <span class='ocrx_word' id='word_1_86' title='bbox 1184 1482 1294 1538; x_wconf 83' lang='lat' dir='ltr'><strong>bonum</strong></span> 
     </span>
     <span class='ocr_line' id='line_1_14' title="bbox 83 1558 329 1635; baseline 0.008 -21"><span class='ocrx_word' id='word_1_87' title='bbox 83 1558 259 1635; x_wconf 86' lang='lat' dir='ltr'><strong>petentibus</strong></span> <span class='ocrx_word' id='word_1_88' title='bbox 278 1560 329 1616; x_wconf 82' lang='lat' dir='ltr'><strong>sel</strong></span> 
     </span>
    </p>

    <p class='ocr_par' dir='ltr' id='par_1_10' title="bbox 152 1638 345 1713">
     <span class='ocr_line' id='line_1_15' title="bbox 152 1638 345 1713; baseline 0.005 -16"><span class='ocrx_word' id='word_1_89' title='bbox 152 1638 345 1713; x_wconf 68' lang='lat' dir='ltr'><strong>Offltrtorinm.</strong></span> 
     </span>
    </p>

    <p class='ocr_par' dir='ltr' id='par_1_11' title="bbox 79 1720 1294 1958">
     <span class='ocr_line' id='line_1_16' title="bbox 152 1720 1294 1782; baseline 0.004 -5"><span class='ocrx_word' id='word_1_90' title='bbox 152 1720 323 1777; x_wconf 83' lang='lat' dir='ltr'><strong>Confitebor</strong></span> <span class='ocrx_word' id='word_1_91' title='bbox 335 1721 466 1778; x_wconf 91' lang='lat' dir='ltr'><strong>Domino</strong></span> <span class='ocrx_word' id='word_1_92' title='bbox 479 1721 568 1778; x_wconf 89' lang='lat' dir='ltr'><strong>nimis</strong></span> <span class='ocrx_word' id='word_1_93' title='bbox 582 1721 614 1777; x_wconf 90' lang='lat' dir='ltr'><strong>iu</strong></span> <span class='ocrx_word' id='word_1_94' title='bbox 628 1741 678 1778; x_wconf 82' lang='lat' dir='ltr'><strong>ore</strong></span> <span class='ocrx_word' id='word_1_95' title='bbox 692 1740 774 1778; x_wconf 88' lang='lat' dir='ltr'><strong>mco:</strong></span> <span class='ocrx_word' id='word_1_96' title='bbox 795 1728 826 1778; x_wconf 87' lang='lat' dir='ltr'><strong>et</strong></span> <span class='ocrx_word' id='word_1_97' title='bbox 840 1721 871 1778; x_wconf 92' lang='lat' dir='ltr'><strong>in</strong></span> <span class='ocrx_word' id='word_1_98' title='bbox 886 1721 982 1779; x_wconf 88' lang='lat' dir='ltr'><strong>medio</strong></span> <span class='ocrx_word' id='word_1_99' title='bbox 993 1722 1154 1780; x_wconf 89' lang='lat' dir='ltr'><strong>multorum</strong></span> <span class='ocrx_word' id='word_1_100' title='bbox 1169 1723 1294 1782; x_wconf 80' lang='lat' dir='ltr'><strong>laudabo</strong></span> 
     </span>
     <span class='ocr_line' id='line_1_17' title="bbox 80 1801 1294 1880; baseline 0.004 -23"><span class='ocrx_word' id='word_1_101' title='bbox 80 1821 166 1872; x_wconf 90' lang='lat' dir='ltr'><strong>eum,</strong></span> <span class='ocrx_word' id='word_1_102' title='bbox 178 1801 230 1877; x_wconf 88' lang='lat' dir='ltr'><strong>qui</strong></span> <span class='ocrx_word' id='word_1_103' title='bbox 239 1803 336 1859; x_wconf 82' lang='lat' dir='ltr'><strong>astitit</strong></span> <span class='ocrx_word' id='word_1_104' title='bbox 349 1802 386 1859; x_wconf 88' lang='lat' dir='ltr'><strong>ad</strong></span> <span class='ocrx_word' id='word_1_105' title='bbox 397 1802 549 1860; x_wconf 78' lang='lat' dir='ltr'><strong>dexteram</strong></span> <span class='ocrx_word' id='word_1_106' title='bbox 561 1803 711 1878; x_wconf 84' lang='lat' dir='ltr'><strong>pauperis:</strong></span> <span class='ocrx_word' id='word_1_107' title='bbox 732 1809 767 1859; x_wconf 90' lang='lat' dir='ltr'><strong>ut</strong></span> <span class='ocrx_word' id='word_1_108' title='bbox 777 1802 888 1860; x_wconf 81' lang='lat' dir='ltr'><strong>salvom</strong></span> <span class='ocrx_word' id='word_1_109' title='bbox 899 1803 1008 1860; x_wconf 84' lang='lat' dir='ltr'><strong>faceret</strong></span> <span class='ocrx_word' id='word_1_110' title='bbox 1021 1824 1039 1860; x_wconf 83' lang='lat' dir='ltr'><strong>a</strong></span> <span class='ocrx_word' id='word_1_111' title='bbox 1052 1807 1294 1880; x_wconf 70' lang='lat' dir='ltr'><strong>persequentibus</strong></span> 
     </span>
     <span class='ocr_line' id='line_1_18' title="bbox 79 1883 486 1958; baseline 0.002 -20"><span class='ocrx_word' id='word_1_112' title='bbox 79 1883 218 1939; x_wconf 86' lang='lat' dir='ltr'><strong>animum</strong></span> <span class='ocrx_word' id='word_1_113' title='bbox 232 1902 336 1954; x_wconf 83' lang='lat' dir='ltr'><strong>meam,</strong></span> <span class='ocrx_word' id='word_1_114' title='bbox 351 1883 486 1958; x_wconf 79' lang='lat' dir='ltr'><strong>alleluya.</strong></span> 
     </span>
    </p>

    <p class='ocr_par' dir='ltr' id='par_1_12' title="bbox 151 1962 853 2040">
     <span class='ocr_line' id='line_1_19' title="bbox 151 1962 853 2040; baseline 0 -21"><span class='ocrx_word' id='word_1_115' title='bbox 151 1962 298 2038; x_wconf 74' lang='lat' dir='ltr'><strong>*llicfiot</strong></span> <span class='ocrx_word' id='word_1_116' title='bbox 311 1983 402 2022; x_wconf 75' lang='lat' dir='ltr'><strong>serum</strong></span> <span class='ocrx_word' id='word_1_117' title='bbox 416 1966 457 2022; x_wconf 67' lang='lat' dir='ltr'><strong>ool</strong></span> <span class='ocrx_word' id='word_1_118' title='bbox 469 1963 624 2040; x_wconf 43' lang='lat' dir='ltr'><strong>populum»,</strong></span> <span class='ocrx_word' id='word_1_119' title='bbox 639 1965 666 2021; x_wconf 86' lang='lat' dir='ltr'><strong>si</strong></span> <span class='ocrx_word' id='word_1_120' title='bbox 679 1963 853 2039; x_wconf 71' lang='lat' dir='ltr'><strong>placuerit*</strong></span> 
     </span>
    </p>

    <p class='ocr_par' dir='ltr' id='par_1_13' title="bbox 150 2044 271 2102">
     <span class='ocr_line' id='line_1_20' title="bbox 150 2044 271 2102; baseline 0 0"><span class='ocrx_word' id='word_1_121' title='bbox 150 2044 271 2102; x_wconf 81' lang='lat' dir='ltr'><strong>Secreto.</strong></span> 
     </span>
    </p>

    <p class='ocr_par' dir='ltr' id='par_1_14' title="bbox 78 2125 1293 2278">
     <span class='ocr_line' id='line_1_21' title="bbox 151 2125 1293 2203; baseline 0.003 -21"><span class='ocrx_word' id='word_1_122' title='bbox 151 2125 227 2182; x_wconf 83' lang='lat' dir='ltr'><strong>Haeo</strong></span> <span class='ocrx_word' id='word_1_123' title='bbox 241 2145 371 2198; x_wconf 82' lang='lat' dir='ltr'><strong>munera,</strong></span> <span class='ocrx_word' id='word_1_124' title='bbox 382 2146 558 2203; x_wconf 71' lang='lat' dir='ltr'><strong>quaesumus,</strong></span> <span class='ocrx_word' id='word_1_125' title='bbox 568 2125 705 2196; x_wconf 88' lang='lat' dir='ltr'><strong>Domine,</strong></span> <span class='ocrx_word' id='word_1_126' title='bbox 717 2126 874 2183; x_wconf 73' lang='lat' dir='ltr'><strong>ctrinculn</strong></span> <span class='ocrx_word' id='word_1_127' title='bbox 887 2133 995 2183; x_wconf 82' lang='lat' dir='ltr'><strong>nostrae</strong></span> <span class='ocrx_word' id='word_1_128' title='bbox 1012 2127 1168 2202; x_wconf 70' lang='lat' dir='ltr'><strong>pravitatis</strong></span> <span class='ocrx_word' id='word_1_129' title='bbox 1182 2130 1293 2188; x_wconf 72' lang='lat' dir='ltr'><strong>absolv-</strong></span> 
     </span>
     <span class='ocr_line' id='line_1_22' title="bbox 78 2206 1150 2278; baseline 0.002 -14"><span class='ocrx_word' id='word_1_130' title='bbox 78 2214 150 2278; x_wconf 80' lang='lat' dir='ltr'><strong>unt,</strong></span> <span class='ocrx_word' id='word_1_131' title='bbox 166 2213 198 2263; x_wconf 86' lang='lat' dir='ltr'><strong>et</strong></span> <span class='ocrx_word' id='word_1_132' title='bbox 215 2214 273 2264; x_wconf 83' lang='lat' dir='ltr'><strong>tuae</strong></span> <span class='ocrx_word' id='word_1_133' title='bbox 288 2207 372 2264; x_wconf 90' lang='lat' dir='ltr'><strong>nobis</strong></span> <span class='ocrx_word' id='word_1_134' title='bbox 386 2206 592 2265; x_wconf 65' lang='lat' dir='ltr'><strong>misericordius</strong></span> <span class='ocrx_word' id='word_1_135' title='bbox 606 2207 683 2263; x_wconf 87' lang='lat' dir='ltr'><strong>dono</strong></span> <span class='ocrx_word' id='word_1_136' title='bbox 697 2206 861 2264; x_wconf 79' lang='lat' dir='ltr'><strong>concilient.</strong></span> <span class='ocrx_word' id='word_1_137' title='bbox 906 2207 965 2263; x_wconf 88' lang='lat' dir='ltr'><strong>Per</strong></span> <span class='ocrx_word' id='word_1_138' title='bbox 979 2207 1150 2266; x_wconf 84' lang='lat' dir='ltr'><strong>Dominum.</strong></span> 
     </span>
    </p>

    <p class='ocr_par' dir='ltr' id='par_1_15' title="bbox 150 2286 1101 2363">
     <span class='ocr_line' id='line_1_23' title="bbox 150 2286 1101 2363; baseline 0.002 -19"><span class='ocrx_word' id='word_1_139' title='bbox 150 2286 192 2345; x_wconf 76' lang='lat' dir='ltr'><strong>lo</strong></span> <span class='ocrx_word' id='word_1_140' title='bbox 205 2287 251 2345; x_wconf 72' lang='lat' dir='ltr'><strong>tis</strong></span> <span class='ocrx_word' id='word_1_141' title='bbox 266 2289 359 2346; x_wconf 76' lang='lat' dir='ltr'><strong>tribuo</strong></span> <span class='ocrx_word' id='word_1_142' title='bbox 371 2289 472 2347; x_wconf 69' lang='lat' dir='ltr'><strong>&lt;liebus</strong></span> <span class='ocrx_word' id='word_1_143' title='bbox 485 2309 545 2345; x_wconf 78' lang='lat' dir='ltr'><strong>uon</strong></span> <span class='ocrx_word' id='word_1_144' title='bbox 558 2288 675 2346; x_wconf 81' lang='lat' dir='ltr'><strong>dicotur</strong></span> <span class='ocrx_word' id='word_1_145' title='bbox 689 2288 831 2362; x_wconf 71' lang='lat' dir='ltr'><strong>Profecto</strong></span> <span class='ocrx_word' id='word_1_146' title='bbox 846 2289 906 2345; x_wconf 79' lang='lat' dir='ltr'><strong>uisi</strong></span> <span class='ocrx_word' id='word_1_147' title='bbox 919 2290 1101 2363; x_wconf 77' lang='lat' dir='ltr'><strong>quotidiano.</strong></span> 
     </span>
    </p>

    <p class='ocr_par' dir='ltr' id='par_1_16' title="bbox 151 2369 329 2428">
     <span class='ocr_line' id='line_1_24' title="bbox 151 2369 329 2428; baseline 0 0"><span class='ocrx_word' id='word_1_148' title='bbox 151 2369 329 2428; x_wconf 70' lang='lat' dir='ltr'><strong>commun-io.</strong></span> 
     </span>
    </p>

    <p class='ocr_par' dir='ltr' id='par_1_17' title="bbox 77 2449 1292 2689">
     <span class='ocr_line' id='line_1_25' title="bbox 149 2449 1292 2528; baseline 0.003 -20"><span class='ocrx_word' id='word_1_149' title='bbox 149 2451 258 2521; x_wconf 86' lang='lat' dir='ltr'><strong>Petite,</strong></span> <span class='ocrx_word' id='word_1_150' title='bbox 271 2457 301 2508; x_wconf 87' lang='lat' dir='ltr'><strong>et</strong></span> <span class='ocrx_word' id='word_1_151' title='bbox 311 2451 459 2528; x_wconf 79' lang='lat' dir='ltr'><strong>accipietis</strong></span> <span class='ocrx_word' id='word_1_152' title='bbox 465 2472 472 2522; x_wconf 89' lang='lat'>;</span> <span class='ocrx_word' id='word_1_153' title='bbox 487 2449 619 2526; x_wconf 79' lang='lat' dir='ltr'><strong>qiuerite,</strong></span> <span class='ocrx_word' id='word_1_154' title='bbox 629 2455 659 2506; x_wconf 88' lang='lat' dir='ltr'><strong>et</strong></span> <span class='ocrx_word' id='word_1_155' title='bbox 670 2449 828 2506; x_wconf 78' lang='lat' dir='ltr'><strong>invenictis</strong></span> <span class='ocrx_word' id='word_1_156' title='bbox 835 2470 843 2521; x_wconf 88' lang='lat'>;</span> <span class='ocrx_word' id='word_1_157' title='bbox 857 2450 981 2526; x_wconf 76' lang='lat' dir='ltr'><strong>pulsate,</strong></span> <span class='ocrx_word' id='word_1_158' title='bbox 994 2458 1024 2508; x_wconf 88' lang='lat' dir='ltr'><strong>et</strong></span> <span class='ocrx_word' id='word_1_159' title='bbox 1033 2453 1183 2528; x_wconf 74' lang='lat' dir='ltr'><strong>aperietur</strong></span> <span class='ocrx_word' id='word_1_160' title='bbox 1193 2455 1292 2511; x_wconf 87' lang='lat' dir='ltr'><strong>vobis:</strong></span> 
     </span>
     <span class='ocr_line' id='line_1_26' title="bbox 77 2530 1292 2611; baseline 0.002 -22"><span class='ocrx_word' id='word_1_161' title='bbox 77 2532 184 2590; x_wconf 89' lang='lat' dir='ltr'><strong>omnis</strong></span> <span class='ocrx_word' id='word_1_162' title='bbox 195 2533 274 2588; x_wconf 89' lang='lat' dir='ltr'><strong>enim</strong></span> <span class='ocrx_word' id='word_1_163' title='bbox 285 2532 336 2608; x_wconf 90' lang='lat' dir='ltr'><strong>qui</strong></span> <span class='ocrx_word' id='word_1_164' title='bbox 349 2533 433 2609; x_wconf 89' lang='lat' dir='ltr'><strong>petit,</strong></span> <span class='ocrx_word' id='word_1_165' title='bbox 445 2531 566 2609; x_wconf 85' lang='lat' dir='ltr'><strong>accipit:</strong></span> <span class='ocrx_word' id='word_1_166' title='bbox 577 2537 608 2588; x_wconf 89' lang='lat' dir='ltr'><strong>et</strong></span> <span class='ocrx_word' id='word_1_167' title='bbox 618 2530 671 2606; x_wconf 91' lang='lat' dir='ltr'><strong>qui</strong></span> <span class='ocrx_word' id='word_1_168' title='bbox 679 2530 794 2607; x_wconf 81' lang='lat' dir='ltr'><strong>quaerit,</strong></span> <span class='ocrx_word' id='word_1_169' title='bbox 806 2532 935 2588; x_wconf 78' lang='lat' dir='ltr'><strong>invenit:</strong></span> <span class='ocrx_word' id='word_1_170' title='bbox 953 2540 983 2589; x_wconf 88' lang='lat' dir='ltr'><strong>et</strong></span> <span class='ocrx_word' id='word_1_171' title='bbox 995 2533 1125 2608; x_wconf 76' lang='lat' dir='ltr'><strong>pulsanti</strong></span> <span class='ocrx_word' id='word_1_172' title='bbox 1135 2536 1292 2611; x_wconf 82' lang='lat' dir='ltr'><strong>aperietur,</strong></span> 
     </span>
     <span class='ocr_line' id='line_1_27' title="bbox 77 2612 224 2689; baseline -0.02 -17"><span class='ocrx_word' id='word_1_173' title='bbox 77 2612 224 2689; x_wconf 76' lang='lat' dir='ltr'><strong>alleluya,</strong></span> 
     </span>
    </p>

    <p class='ocr_par' dir='ltr' id='par_1_18' title="bbox 147 2694 388 2752">
     <span class='ocr_line' id='line_1_28' title="bbox 147 2694 388 2752; baseline 0 -2"><span class='ocrx_word' id='word_1_174' title='bbox 147 2694 388 2752; x_wconf 81' lang='lat' dir='ltr'><strong>Postcommuoio.</strong></span> 
     </span>
    </p>

    <p class='ocr_par' dir='ltr' id='par_1_19' title="bbox 75 2773 1292 2997">
     <span class='ocr_line' id='line_1_29' title="bbox 147 2773 1292 2850; baseline 0.002 -19"><span class='ocrx_word' id='word_1_175' title='bbox 147 2775 231 2831; x_wconf 81' lang='lat' dir='ltr'><strong>Vota</strong></span> <span class='ocrx_word' id='word_1_176' title='bbox 255 2782 362 2845; x_wconf 78' lang='lat' dir='ltr'><strong>nostru,</strong></span> <span class='ocrx_word' id='word_1_177' title='bbox 384 2793 559 2850; x_wconf 83' lang='lat' dir='ltr'><strong>quaesumus,</strong></span> <span class='ocrx_word' id='word_1_178' title='bbox 583 2773 720 2844; x_wconf 86' lang='lat' dir='ltr'><strong>Domine,</strong></span> <span class='ocrx_word' id='word_1_179' title='bbox 744 2774 792 2849; x_wconf 90' lang='lat' dir='ltr'><strong>pio</strong></span> <span class='ocrx_word' id='word_1_180' title='bbox 816 2773 916 2830; x_wconf 79' lang='lat' dir='ltr'><strong>favore</strong></span> <span class='ocrx_word' id='word_1_181' title='bbox 940 2795 1131 2850; x_wconf 73' lang='lat' dir='ltr'><strong>prosequere,</strong></span> <span class='ocrx_word' id='word_1_182' title='bbox 1163 2782 1198 2833; x_wconf 89' lang='lat' dir='ltr'><strong>ut</strong></span> <span class='ocrx_word' id='word_1_183' title='bbox 1221 2777 1292 2833; x_wconf 91' lang='lat' dir='ltr'><strong>dum</strong></span> 
     </span>
     <span class='ocr_line' id='line_1_30' title="bbox 75 2854 1292 2931; baseline -0.002 -15"><span class='ocrx_word' id='word_1_184' title='bbox 75 2859 164 2916; x_wconf 81' lang='lat' dir='ltr'><strong>done</strong></span> <span class='ocrx_word' id='word_1_185' title='bbox 176 2861 230 2912; x_wconf 83' lang='lat' dir='ltr'><strong>tua</strong></span> <span class='ocrx_word' id='word_1_186' title='bbox 243 2855 275 2912; x_wconf 91' lang='lat' dir='ltr'><strong>iu</strong></span> <span class='ocrx_word' id='word_1_187' title='bbox 289 2855 482 2913; x_wconf 83' lang='lat' dir='ltr'><strong>tribulatione</strong></span> <span class='ocrx_word' id='word_1_188' title='bbox 496 2854 686 2931; x_wconf 87' lang='lat' dir='ltr'><strong>percepimus,</strong></span> <span class='ocrx_word' id='word_1_189' title='bbox 702 2855 738 2911; x_wconf 89' lang='lat' dir='ltr'><strong>de</strong></span> <span class='ocrx_word' id='word_1_190' title='bbox 752 2854 951 2912; x_wconf 84' lang='lat' dir='ltr'><strong>consolatione</strong></span> <span class='ocrx_word' id='word_1_191' title='bbox 965 2864 1066 2912; x_wconf 81' lang='lat' dir='ltr'><strong>nostru</strong></span> <span class='ocrx_word' id='word_1_192' title='bbox 1080 2856 1113 2912; x_wconf 88' lang='lat' dir='ltr'><strong>in</strong></span> <span class='ocrx_word' id='word_1_193' title='bbox 1127 2863 1179 2913; x_wconf 90' lang='lat' dir='ltr'><strong>tuo</strong></span> <span class='ocrx_word' id='word_1_194' title='bbox 1193 2877 1292 2914; x_wconf 81' lang='lat' dir='ltr'><strong>amore</strong></span> 
     </span>
     <span class='ocr_line' id='line_1_31' title="bbox 75 2936 545 2997; baseline -0.009 0"><span class='ocrx_word' id='word_1_195' title='bbox 75 2956 257 2997; x_wconf 81' lang='lat' dir='ltr'><strong>crescamus.</strong></span> <span class='ocrx_word' id='word_1_196' title='bbox 301 2936 360 2994; x_wconf 88' lang='lat' dir='ltr'><strong>Per</strong></span> <span class='ocrx_word' id='word_1_197' title='bbox 374 2936 545 2993; x_wconf 87' lang='lat' dir='ltr'><strong>Dominum.</strong></span> 
     </span>
    </p>

    <p class='ocr_par' dir='ltr' id='par_1_20' title="bbox 65 3015 1291 3260">
     <span class='ocr_line' id='line_1_32' title="bbox 146 3015 1291 3093; baseline -0.002 -17"><span class='ocrx_word' id='word_1_198' title='bbox 146 3018 183 3076; x_wconf 78' lang='lat' dir='ltr'><strong>Si</strong></span> <span class='ocrx_word' id='word_1_199' title='bbox 201 3017 286 3093; x_wconf 79' lang='lat' dir='ltr'><strong>infra</strong></span> <span class='ocrx_word' id='word_1_200' title='bbox 306 3017 427 3075; x_wconf 82' lang='lat' dir='ltr'><strong>Octooos</strong></span> <span class='ocrx_word' id='word_1_201' title='bbox 453 3016 546 3074; x_wconf 78' lang='lat' dir='ltr'><strong>sancti</strong></span> <span class='ocrx_word' id='word_1_202' title='bbox 563 3015 720 3074; x_wconf 73' lang='lat' dir='ltr'><strong>Eclecto-ti.</strong></span> <span class='ocrx_word' id='word_1_203' title='bbox 740 3017 801 3074; x_wconf 79' lang='lat' dir='ltr'><strong>dics</strong></span> <span class='ocrx_word' id='word_1_204' title='bbox 818 3016 1015 3090; x_wconf 73' lang='lat' dir='ltr'><strong>llopatiomcm</strong></span> <span class='ocrx_word' id='word_1_205' title='bbox 1037 3017 1216 3092; x_wconf 73' lang='lat' dir='ltr'><strong>contiperint,</strong></span> <span class='ocrx_word' id='word_1_206' title='bbox 1231 3023 1291 3093; x_wconf 45' lang='lat' dir='ltr'><strong>‚rial</strong></span> 
     </span>
     <span class='ocr_line' id='line_1_33' title="bbox 75 3097 1291 3172; baseline -0.002 -13"><span class='ocrx_word' id='word_1_207' title='bbox 75 3101 183 3159; x_wconf 79' lang='lat' dir='ltr'><strong>Misso</strong></span> <span class='ocrx_word' id='word_1_208' title='bbox 201 3100 236 3156; x_wconf 85' lang='lat' dir='ltr'><strong>de</strong></span> <span class='ocrx_word' id='word_1_209' title='bbox 252 3098 367 3157; x_wconf 84' lang='lat' dir='ltr'><strong>Octoois</strong></span> <span class='ocrx_word' id='word_1_210' title='bbox 382 3097 556 3156; x_wconf 71' lang='lat' dir='ltr'><strong>sollemniter</strong></span> <span class='ocrx_word' id='word_1_211' title='bbox 573 3119 640 3155; x_wconf 81' lang='lat' dir='ltr'><strong>cum</strong></span> <span class='ocrx_word' id='word_1_212' title='bbox 657 3097 835 3172; x_wconf 75' lang='lat' dir='ltr'><strong>Profotiouc</strong></span> <span class='ocrx_word' id='word_1_213' title='bbox 854 3098 887 3154; x_wconf 73' lang='lat' dir='ltr'><strong>clo</strong></span> <span class='ocrx_word' id='word_1_214' title='bbox 905 3098 1020 3154; x_wconf 75' lang='lat' dir='ltr'><strong>l’osclto</strong></span> <span class='ocrx_word' id='word_1_215' title='bbox 1030 3123 1040 3157; x_wconf 90' lang='lat'><strong>.·</strong></span> <span class='ocrx_word' id='word_1_216' title='bbox 1062 3099 1157 3156; x_wconf 80' lang='lat' dir='ltr'><strong>Misso</strong></span> <span class='ocrx_word' id='word_1_217' title='bbox 1174 3120 1239 3157; x_wconf 84' lang='lat' dir='ltr'><strong>oero</strong></span> <span class='ocrx_word' id='word_1_218' title='bbox 1257 3101 1291 3157; x_wconf 82' lang='lat' dir='ltr'><strong>dc</strong></span> 
     </span>
     <span class='ocr_line' id='line_1_34' title="bbox 65 3179 518 3260; baseline -0.011 -20"><span class='ocrx_word' id='word_1_219' title='bbox 65 3181 198 3260; x_wconf 74' lang='lat' dir='ltr'><strong>jejunio</strong></span> <span class='ocrx_word' id='word_1_220' title='bbox 211 3180 381 3238; x_wconf 74' lang='lat' dir='ltr'><strong>luctatione</strong></span> <span class='ocrx_word' id='word_1_221' title='bbox 394 3179 518 3236; x_wconf 85' lang='lat' dir='ltr'><strong>dicatur.</strong></span> 
     </span>
    </p>
   </div>
   <div class='ocr_carea' id='block_1_4' title="bbox 564 3374 812 3432">
    <p class='ocr_par' dir='ltr' id='par_1_21' title="bbox 564 3374 812 3432">
     <span class='ocr_line' id='line_1_35' title="bbox 564 3374 812 3432; baseline -0.004 0"><span class='ocrx_word' id='word_1_222' title='bbox 564 3375 664 3432; x_wconf 69' lang='lat' dir='ltr'><strong>Fcere</strong></span> <span class='ocrx_word' id='word_1_223' title='bbox 685 3374 812 3432; x_wconf 76' lang='lat' dir='ltr'><strong>Trurrs.</strong></span> 
     </span>
    </p>
   </div>
   <div class='ocr_carea' id='block_1_5' title="bbox 69 3481 1290 3982">
    <p class='ocr_par' dir='ltr' id='par_1_22' title="bbox 148 3481 506 3560">
     <span class='ocr_line' id='line_1_36' title="bbox 148 3481 506 3560; baseline -0.011 -18"><span class='ocrx_word' id='word_1_224' title='bbox 148 3483 288 3560; x_wconf 83' lang='lat' dir='ltr'><strong>Officium.</strong></span> <span class='ocrx_word' id='word_1_225' title='bbox 332 3481 506 3539; x_wconf 81' lang='lat' dir='ltr'><strong>Exaudivit.</strong></span> 
     </span>
    </p>

    <p class='ocr_par' dir='ltr' id='par_1_23' title="bbox 145 3563 475 3640">
     <span class='ocr_line' id='line_1_37' title="bbox 145 3563 475 3640; baseline -0.009 -18"><span class='ocrx_word' id='word_1_226' title='bbox 145 3565 292 3623; x_wconf 79' lang='lat' dir='ltr'><strong>Psoi-mus.</strong></span> <span class='ocrx_word' id='word_1_227' title='bbox 335 3563 475 3640; x_wconf 83' lang='lat' dir='ltr'><strong>Diligam.</strong></span> 
     </span>
    </p>

    <p class='ocr_par' dir='ltr' id='par_1_24' title="bbox 69 3641 1290 3800">
     <span class='ocr_line' id='line_1_38' title="bbox 146 3641 1290 3720; baseline -0.003 -15"><span class='ocrx_word' id='word_1_228' title='bbox 146 3646 257 3706; x_wconf 78' lang='lat' dir='ltr'><strong>Oratio.</strong></span> <span class='ocrx_word' id='word_1_229' title='bbox 300 3644 423 3715; x_wconf 82' lang='lat' dir='ltr'><strong>Praests,</strong></span> <span class='ocrx_word' id='word_1_230' title='bbox 446 3662 621 3720; x_wconf 82' lang='lat' dir='ltr'><strong>quaesumns,</strong></span> <span class='ocrx_word' id='word_1_231' title='bbox 647 3642 832 3718; x_wconf 84' lang='lat' dir='ltr'><strong>omnipotens</strong></span> <span class='ocrx_word' id='word_1_232' title='bbox 857 3641 957 3713; x_wconf 71' lang='lat' dir='ltr'><strong>Deus,</strong></span> <span class='ocrx_word' id='word_1_233' title='bbox 984 3652 1018 3699; x_wconf 84' lang='lat' dir='ltr'><strong>ot</strong></span> <span class='ocrx_word' id='word_1_234' title='bbox 1042 3664 1134 3718; x_wconf 79' lang='lat' dir='ltr'><strong>supro</strong></span> <span class='ocrx_word' id='word_1_235' title='bbox 1158 3645 1193 3702; x_wconf 81' lang='lat' dir='ltr'><strong>io</strong></span> <span class='ocrx_word' id='word_1_236' title='bbox 1215 3666 1290 3720; x_wconf 61' lang='lat' dir='ltr'><strong>pro»-</strong></span> 
     </span>
     <span class='ocr_line' id='line_1_39' title="bbox 69 3723 1158 3800; baseline -0.006 -11"><span class='ocrx_word' id='word_1_237' title='bbox 69 3729 194 3790; x_wconf 74' lang='lat' dir='ltr'><strong>ccdenti</strong></span> <span class='ocrx_word' id='word_1_238' title='bbox 206 3726 305 3797; x_wconf 59' lang='grc' dir='ltr'><strong>Ἐστία,</strong></span> <span class='ocrx_word' id='word_1_239' title='bbox 321 3745 387 3783; x_wconf 83' lang='lat' dir='ltr'><strong>cum</strong></span> <span class='ocrx_word' id='word_1_240' title='bbox 401 3725 535 3797; x_wconf 78' lang='lat' dir='ltr'><strong>Litooio,</strong></span> <span class='ocrx_word' id='word_1_241' title='bbox 551 3724 688 3781; x_wconf 78' lang='lat' dir='ltr'><strong>Salvator</strong></span> <span class='ocrx_word' id='word_1_242' title='bbox 701 3723 813 3795; x_wconf 88' lang='lat' dir='ltr'><strong>mundi,</strong></span> <span class='ocrx_word' id='word_1_243' title='bbox 830 3731 855 3779; x_wconf 87' lang='lat' dir='ltr'><strong>ct</strong></span> <span class='ocrx_word' id='word_1_244' title='bbox 870 3744 936 3780; x_wconf 80' lang='lat' dir='ltr'><strong>cum</strong></span> <span class='ocrx_word' id='word_1_245' title='bbox 949 3723 1004 3780; x_wconf 74' lang='lat' dir='ltr'><strong>liae</strong></span> <span class='ocrx_word' id='word_1_246' title='bbox 1018 3724 1132 3800; x_wconf 79' lang='lat' dir='ltr'><strong>Epistol</strong></span> <span class='ocrx_word' id='word_1_247' title='bbox 1153 3771 1158 3782; x_wconf 93' lang='lat'><strong>.</strong></span> 
     </span>
    </p>

    <p class='ocr_par' dir='ltr' id='par_1_25' title="bbox 142 3821 579 3899">
     <span class='ocr_line' id='line_1_40' title="bbox 142 3821 579 3899; baseline -0.011 -16"><span class='ocrx_word' id='word_1_248' title='bbox 142 3824 195 3883; x_wconf 76' lang='lat' dir='ltr'><strong>lo</strong></span> <span class='ocrx_word' id='word_1_249' title='bbox 210 3823 391 3882; x_wconf 74' lang='lat' dir='ltr'><strong>Timotheum</strong></span> <span class='ocrx_word' id='word_1_250' title='bbox 404 3822 438 3899; x_wconf 93' lang='lat' dir='ltr'><strong>(l</strong></span> <span class='ocrx_word' id='word_1_251' title='bbox 455 3823 487 3879; x_wconf 82' lang='lat' dir='ltr'><strong>ii.</strong></span> <span class='ocrx_word' id='word_1_252' title='bbox 506 3821 579 3898; x_wconf 74' lang='lat'><em>1-7)</em></span> 
     </span>
    </p>

    <p class='ocr_par' dir='ltr' id='par_1_26' title="bbox 143 3902 1288 3982">
     <span class='ocr_line' id='line_1_41' title="bbox 143 3902 1288 3982; baseline -0.005 -16"><span class='ocrx_word' id='word_1_253' title='bbox 143 3907 273 3967; x_wconf 88' lang='lat' dir='ltr'><strong>Obsecro</strong></span> <span class='ocrx_word' id='word_1_254' title='bbox 290 3905 386 3982; x_wconf 87' lang='lat' dir='ltr'><strong>primo</strong></span> <span class='ocrx_word' id='word_1_255' title='bbox 408 3903 540 3960; x_wconf 88' lang='lat' dir='ltr'><strong>omnium</strong></span> <span class='ocrx_word' id='word_1_256' title='bbox 559 3903 623 3959; x_wconf 76' lang='lat' dir='ltr'><strong>fieri</strong></span> <span class='ocrx_word' id='word_1_257' title='bbox 637 3902 851 3960; x_wconf 64' lang='lat' dir='ltr'><strong>obsecutiones</strong></span> <span class='ocrx_word' id='word_1_258' title='bbox 869 3922 958 3977; x_wconf 75' lang='lat' dir='ltr'><strong>usque</strong></span> <span class='ocrx_word' id='word_1_259' title='bbox 976 3904 1016 3960; x_wconf 72' lang='lat' dir='ltr'><strong>ao</strong></span> <span class='ocrx_word' id='word_1_260' title='bbox 1035 3902 1137 3960; x_wconf 86' lang='lat' dir='ltr'><strong>doctor</strong></span> <span class='ocrx_word' id='word_1_261' title='bbox 1155 3905 1288 3980; x_wconf 82' lang='lat' dir='ltr'><strong>gentium</strong></span> 
     </span>
    </p>
   </div>
   <div class='ocr_carea' id='block_1_6' title="bbox 66 3987 654 4144">
    <p class='ocr_par' dir='ltr' id='par_1_27' title="bbox 66 3987 654 4144">
     <span class='ocr_line' id='line_1_42' title="bbox 66 3987 379 4051; baseline -0.032 0"><span class='ocrx_word' id='word_1_262' title='bbox 66 3995 107 4051; x_wconf 90' lang='lat' dir='ltr'><strong>in</strong></span> <span class='ocrx_word' id='word_1_263' title='bbox 124 3988 188 4047; x_wconf 85' lang='lat' dir='ltr'><strong>fide</strong></span> <span class='ocrx_word' id='word_1_264' title='bbox 201 3994 232 4044; x_wconf 87' lang='lat' dir='ltr'><strong>et</strong></span> <span class='ocrx_word' id='word_1_265' title='bbox 244 3987 379 4043; x_wconf 80' lang='lat' dir='ltr'><strong>veritate.</strong></span> 
     </span>
     <span class='ocr_line' id='line_1_43' title="bbox 141 4065 654 4144; baseline -0.008 -19"><span class='ocrx_word' id='word_1_266' title='bbox 141 4067 295 4144; x_wconf 80' lang='lat' dir='ltr'><strong>Alleluyo,</strong></span> <span class='ocrx_word' id='word_1_267' title='bbox 310 4087 377 4125; x_wconf 81' lang='lat' dir='ltr'><strong>cum</strong></span> <span class='ocrx_word' id='word_1_268' title='bbox 396 4065 492 4135; x_wconf 81' lang='lat' dir='ltr'><strong>Versu,</strong></span> <span class='ocrx_word' id='word_1_269' title='bbox 507 4075 541 4122; x_wconf 84' lang='lat' dir='ltr'><strong>ut</strong></span> <span class='ocrx_word' id='word_1_270' title='bbox 554 4084 654 4140; x_wconf 66' lang='lat' dir='ltr'><strong>osopio.</strong></span> 
     </span>
    </p>
   </div>
   <div class='ocr_carea' id='block_1_7' title="bbox 141 4159 1305 4320">
    <p class='ocr_par' dir='ltr' id='par_1_28' title="bbox 141 4159 1305 4320">
     <span class='ocr_line' id='line_1_44' title="bbox 142 4159 1305 4239; baseline -0.007 -17"><span class='ocrx_word' id='word_1_271' title='bbox 142 4162 345 4239; x_wconf 70' lang='lat' dir='ltr'><strong>Evanqeliom.</strong></span> <span class='ocrx_word' id='word_1_272' title='bbox 388 4159 555 4220; x_wconf 82' lang='lat' dir='ltr'><strong>Secundum</strong></span> <span class='ocrx_word' id='word_1_273' title='bbox 570 4160 744 4218; x_wconf 62' lang='lat' dir='ltr'><strong>ltlaotaeum</strong></span> <span class='ocrx_word' id='word_1_274' title='bbox 759 4160 825 4228; x_wconf 84' lang='lat' dir='ltr'><strong>(vii.</strong></span> <span class='ocrx_word' id='word_1_275' title='bbox 840 4161 936 4235; x_wconf 78' lang='lat'>7-14)</span> <span class='ocrx_word' id='word_1_276' title='bbox 1300 4213 1305 4222; x_wconf 85' lang='grc'>,</span> 
     </span>
     <span class='ocr_line' id='line_1_45' title="bbox 141 4242 1288 4320; baseline -0.004 -16"><span class='ocrx_word' id='word_1_277' title='bbox 141 4246 183 4304; x_wconf 93' lang='lat' dir='ltr'><strong>In</strong></span> <span class='ocrx_word' id='word_1_278' title='bbox 197 4245 249 4302; x_wconf 88' lang='lat' dir='ltr'><strong>illo</strong></span> <span class='ocrx_word' id='word_1_279' title='bbox 261 4250 402 4320; x_wconf 86' lang='lat' dir='ltr'><strong>ternpore,</strong></span> <span class='ocrx_word' id='word_1_280' title='bbox 418 4242 508 4300; x_wconf 84' lang='lat' dir='ltr'><strong>Dixit</strong></span> <span class='ocrx_word' id='word_1_281' title='bbox 525 4243 614 4300; x_wconf 80' lang='lat' dir='ltr'><strong>lesus</strong></span> <span class='ocrx_word' id='word_1_282' title='bbox 633 4242 783 4318; x_wconf 85' lang='lat' dir='ltr'><strong>discipulis</strong></span> <span class='ocrx_word' id='word_1_283' title='bbox 801 4242 880 4313; x_wconf 89' lang='lat' dir='ltr'><strong>suis;</strong></span> <span class='ocrx_word' id='word_1_284' title='bbox 902 4242 1009 4314; x_wconf 75' lang='lat' dir='ltr'><strong>Potito,</strong></span> <span class='ocrx_word' id='word_1_285' title='bbox 1026 4248 1056 4300; x_wconf 90' lang='lat' dir='ltr'><strong>et</strong></span> <span class='ocrx_word' id='word_1_286' title='bbox 1070 4242 1190 4299; x_wconf 84' lang='lat' dir='ltr'><strong>dabitur</strong></span> <span class='ocrx_word' id='word_1_287' title='bbox 1204 4242 1288 4299; x_wconf 79' lang='lat' dir='ltr'><strong>vobis</strong></span> 
     </span>
    </p>
   </div>
   <div class='ocr_carea' id='block_1_8' title="bbox 68 4324 861 4481">
    <p class='ocr_par' dir='ltr' id='par_1_29' title="bbox 68 4324 861 4481">
     <span class='ocr_line' id='line_1_46' title="bbox 68 4324 735 4407; baseline -0.015 -17"><span class='ocrx_word' id='word_1_288' title='bbox 68 4348 173 4407; x_wconf 78' lang='lat' dir='ltr'><strong>usque</strong></span> <span class='ocrx_word' id='word_1_289' title='bbox 186 4326 229 4384; x_wconf 82' lang='lat' dir='ltr'><strong>od</strong></span> <span class='ocrx_word' id='word_1_290' title='bbox 246 4326 327 4383; x_wconf 79' lang='lat' dir='ltr'><strong>beuti</strong></span> <span class='ocrx_word' id='word_1_291' title='bbox 340 4331 411 4383; x_wconf 90' lang='lat' dir='ltr'><strong>sunt</strong></span> <span class='ocrx_word' id='word_1_292' title='bbox 425 4325 476 4401; x_wconf 89' lang='lat' dir='ltr'><strong>qui</strong></span> <span class='ocrx_word' id='word_1_293' title='bbox 491 4324 649 4380; x_wconf 87' lang='lat' dir='ltr'><strong>inveniunt</strong></span> <span class='ocrx_word' id='word_1_294' title='bbox 663 4343 735 4380; x_wconf 82' lang='lat' dir='ltr'><strong>eum.</strong></span> 
     </span>
     <span class='ocr_line' id='line_1_47' title="bbox 143 4403 861 4481; baseline -0.008 -13"><span class='ocrx_word' id='word_1_295' title='bbox 143 4408 247 4469; x_wconf 78' lang='lat' dir='ltr'><strong>Cetera</strong></span> <span class='ocrx_word' id='word_1_296' title='bbox 260 4406 361 4466; x_wconf 65' lang='lat' dir='ltr'><strong>omia</strong></span> <span class='ocrx_word' id='word_1_297' title='bbox 374 4414 409 4464; x_wconf 79' lang='lat' dir='ltr'><strong>ut</strong></span> <span class='ocrx_word' id='word_1_298' title='bbox 421 4405 456 4463; x_wconf 81' lang='lat' dir='ltr'><strong>iu</strong></span> <span class='ocrx_word' id='word_1_299' title='bbox 464 4405 568 4481; x_wconf 85' lang='lat' dir='ltr'><strong>primo</strong></span> <span class='ocrx_word' id='word_1_300' title='bbox 581 4403 671 4463; x_wconf 78' lang='lat' dir='ltr'><strong>Forio</strong></span> <span class='ocrx_word' id='word_1_301' title='bbox 679 4404 861 4481; x_wconf 71' lang='lat' dir='ltr'><strong>procedenti.</strong></span> 
     </span>
    </p>
   </div>
   <div class='ocr_carea' id='block_1_9' title="bbox 599 4538 763 4584">
    <p class='ocr_par' dir='ltr' id='par_1_30' title="bbox 599 4538 763 4584">
     <span class='ocr_line' id='line_1_48' title="bbox 599 4538 763 4584; baseline 0 0"><span class='ocrx_word' id='word_1_302' title='bbox 599 4539 611 4563; x_wconf 83' lang='lat'>&#39;</span> <span class='ocrx_word' id='word_1_303' title='bbox 628 4538 763 4584; x_wconf 64' lang='lat' dir='ltr'><strong>oin-m.</strong></span> 
     </span>
    </p>
   </div>
   <div class='ocr_carea' id='block_1_10' title="bbox 0 0 1408 4920">
    <p class='ocr_par' dir='ltr' id='par_1_31' title="bbox 0 0 1408 4920">
     <span class='ocr_line' id='line_1_49' title="bbox 0 0 1408 4920; baseline 0 2"><span class='ocrx_word' id='word_1_304' title='bbox 0 0 1408 4920; x_wconf 95' lang='lat' dir='ltr'><strong> </strong></span> 
     </span>
    </p>
   </div>
  </div>
 </body>
</html>
