2804 4920
138 301 180 363 86
538 295 684 362 Fer-ior.
701 296 744 362 ia
758 295 822 361 Die
843 295 946 363 Ocaoe.

137 470 306 604 {ratapant
318 463 369 540 pia
381 482 505 521 munera
519 462 692 537 deferentes,
702 464 778 522 fiant
792 464 920 541 expiatis
932 462 1084 522 mentibus
1096 463 1252 543 gratiores.
1290 462 1352 522 Per

172 565 314 605 ommam.

199 637 349 713 Praefatio.
395 637 455 706 Qui
469 636 607 697 salutem.

204 730 386 789 Cominus-io.

203 812 311 869 Potum
325 830 423 868 meum
436 830 503 868 cum
517 811 589 869 fletu
604 812 811 888 temperabam,
826 812 897 888 qnia
910 812 1028 871 elevans
1041 812 1161 871 allisisti
1177 831 1235 884 me,
1250 818 1284 870 et
1296 830 1350 890 ego

143 893 220 950 sicut
236 892 344 949 faniam
357 893 422 949 arui
436 913 442 949 :
465 902 501 948 tu
514 899 622 963 autem,
638 893 775 964 Domine,
790 894 822 949 in
836 901 980 951 aeternum
993 912 1147 970 permanes
1155 913 1165 967 ;
1194 900 1230 951 tu
1246 912 1349 951 exsur-

143 993 215 1052 gens
228 973 410 1030 misereberis
423 973 495 1031 Sion
506 992 515 1045 3
535 973 606 1049 quia
620 974 703 1032 venit
716 980 833 1050 tempus
848 974 1006 1032 miserendi
1019 976 1091 1050 ejus.

205 1066 446 1125 Postcommunio.

206 1147 327 1223 Largire
348 1147 481 1204 sensibus
501 1147 618 1216 nostris,
632 1148 818 1224 omnipotens
839 1148 928 1220 Dens,
944 1153 980 1206 ut
999 1167 1053 1225 per
1065 1147 1262 1225 temporalem
1282 1147 1355 1205 Filii

145 1228 192 1287 tui
204 1236 339 1300 mortem,
354 1247 443 1304 quam
456 1230 597 1303 mysteria
610 1229 778 1286 veneranda
792 1235 950 1302 testantur,
965 1229 1058 1287 vitam
1078 1235 1109 1287 te
1130 1230 1216 1287 nobis
1235 1228 1353 1287 dedisse

144 1318 317 1387 perpetuam
332 1308 520 1366 confidamus.
564 1309 622 1366 Per
638 1309 808 1367 Dominum.

205 1402 301 1479 Super
315 1402 468 1478 populum.

205 1485 338 1559 Respice,
361 1502 537 1560 quaesumus,
560 1482 695 1549 Domine,
721 1503 808 1560 super
831 1483 907 1542 lianc
930 1483 1074 1542 familiam
1097 1490 1192 1556 tuam,
1214 1503 1273 1561 pro
1296 1502 1357 1562 qna

146 1565 294 1623 Dominus
308 1571 409 1621 noster
421 1564 510 1621 Jesus
524 1562 660 1621 Christus
676 1583 737 1621 non
755 1565 905 1623 dubitarit
926 1566 1061 1623 manibus
1082 1565 1161 1622 trudi
1181 1566 1358 1623 nocentium

144 1652 176 1703 et
191 1646 284 1703 crucis
298 1645 396 1702 subire
410 1650 602 1702 tormentum.
646 1646 705 1714 Qui
719 1651 825 1703 tecum.

633 1829 734 1887 Faria
756 1830 886 1898 Quis'rs

208 1964 331 2041 Eapleto
343 1963 573 2023 reconciliatione
589 1964 795 2040 ponitentiae-m
809 1965 908 2022 redeat
923 1965 1067 2040 processio
1086 1965 1122 2021 ia
1144 1964 1267 2023 alimum
1281 1984 1362 2023 more

146 2045 235 2105 solito.
279 2046 391 2103 Dcimle
406 2054 596 2121 praetemunt
610 2066 637 2102 sc
651 2065 756 2114 estraes,
772 2054 798 2103 et
818 2046 920 2102 <licant
939 2055 1043 2121 septem
1063 2046 1199 2104 Prolatos
1215 2046 1362 2122 perniten-

148 2127 230 2184 ticles
251 2147 317 2183 cum
337 2125 441 2182 Gloria
455 2126 540 2182 Patri
562 2134 588 2182 et
609 2126 694 2183 Sicut
717 2132 782 2184 crat
799 2135 825 2183 et
839 2125 1046 2202 Antiphonem.
1090 2127 1139 2185 Ne
1157 2126 1362 2185 reminiscaris

148 2206 298 2278 Domine;
319 2227 385 2263 cura
401 2206 497 2280 Kyric
511 2206 638 2281 eleyson.
682 2206 799 2264 Christe
813 2206 939 2282 eleyson.
983 2207 1080 2283 Kyrie
1093 2207 1219 2283 eleyson.
1267 2208 1365 2266 Pater

149 2294 256 2357 noster,
272 2287 346 2343 siout
360 2286 394 2343 in
412 2286 459 2343 clio
474 2286 616 2344 Cinara-m
630 2297 829 2362 premototum
842 2297 890 2346 est.
943 2287 1057 2346 Deivuie
1070 2289 1234 2364 impietur
1248 2288 1360 2347 Mirm.

211 2367 349 2441 Officium.
393 2366 457 2423 Nos
470 2374 571 2424 autem
584 2367 706 2443 gloriari
725 2374 844 2445 oportet
864 2369 897 2425 in
913 2389 998 2426 cruce
1020 2369 1142 2426 Domini
1163 2371 1262 2427 nostri
1283 2369 1363 2429 Jesn

150 2447 284 2519 Christi3
305 2447 409 2523 inquo
423 2448 568 2521 estaalus,
584 2449 656 2522 rita,
671 2456 702 2506 et
718 2450 892 2507 resurrectio
910 2457 1031 2507 nostra:
1059 2469 1224 2527 perquem
1248 2450 1362 2509 salvati

150 2535 181 2586 et
195 2528 313 2585 liberati
327 2547 435 2585 sumus.

211 2609 355 2666 Psalmus.
413 2610 494 2666 Deus
524 2610 698 2667 misereatur
719 2612 822 2683 nostri,
841 2619 872 2669 et
893 2612 1046 2669 benedicat
1068 2612 1176 2670 nobis:
1206 2612 1365 2672 illuminet

150 2690 267 2749 vultum
282 2710 369 2748 suum
383 2710 470 2767 super
484 2709 546 2764 nos,
561 2698 591 2749 et
605 2691 779 2748 misereatur
792 2693 893 2749 nostm'.

211 2771 369 2847 Repetatur
384 2771 522 2846 Officimn.
567 2772 669 2828 Gloria
683 2773 775 2843 Patri,
793 2794 858 2830 ciera
872 2772 1002 2830 sollemni
1015 2772 1120 2849 Kyric.

211 2854 246 2911 St
259 2853 420 2929 Episcopus
434 2852 618 2923 celebraverit,
634 2855 750 2910 dicotur
764 2854 864 2911 Gloria
878 2854 910 2909 in
924 2854 1052 2911 excelsis

212 2934 321 2993 Oratio.

212 3015 302 3086 Deus,
318 3035 336 3071 a
349 3034 408 3091 quo
429 3020 459 3071 et
472 3015 494 3072 J
495 3014 568 3072 udas
581 3014 714 3090 proditor
732 3021 830 3071 reatus
851 3015 896 3070 sui
911 3034 1035 3090 poenam,
1051 3021 1082 3072 et
1096 3014 1293 3074 confessionis
1307 3038 1370 3075 suae

151 3096 228 3152 latro
247 3096 400 3170 prmmium
418 3096 551 3170 sumpsit,
571 3095 696 3151 concede
719 3096 804 3151 nobis
826 3102 884 3151 ιιιιιι
907 3096 1126 3172 propitiationis
1144 3097 1307 3165 efl'ectrrm3
1333 3106 1373 3156 nt

151 3177 228 3233 sicut
249 3176 280 3231 in
301 3176 434 3250 passione
455 3194 507 3231 sua
527 3176 616 3232 Jesus
638 3176 774 3233 Christus
795 3176 942 3233 Dominus
962 3184 1063 3234 nostor
1086 3178 1203 3235 diversa
1227 3181 1375 3256 utrisque

151 3255 256 3312 intulit
270 3254 415 3330 stipendia
429 3256 620 3328 meritorum,
641 3257 684 3313 ita
698 3257 791 3327 nobis,
808 3258 906 3314 ablato
923 3259 1081 3315 vetustatis
1095 3278 1202 3332 errore,
1217 3279 1374 3319 rosimrc-

152 3336 244 3393 tionis
258 3355 317 3391 sum
331 3336 457 3411 gratiam
471 3335 622 3412 largiatur.
671 3338 730 3408 Qui
744 3346 843 3396 tecum
857 3339 941 3396 ririt.

213 3428 310 3485 Lectio
325 3428 462 3503 Epiaolic
476 3429 550 3486 beriti
564 3430 656 3487 Pauli
670 3432 808 3506 Apostoli.

213 3510 264 3564 Aa
279 3508 444 3565 Corinthios
457 3510 490 3585 (l
508 3511 546 3566 ri.
565 3512 679 3587 20-32).

214 3588 353 3645 Fratres:
389 3588 641 3648 convenientibus
661 3593 744 3649 robis
765 3594 797 3649 in
818 3613 920 3661 unum,
938 3594 1081 3668 jamnon
1102 3600 1149 3651 est
1169 3594 1374 3656 Dominicam

153 3689 253 3727 cenam
269 3670 445 3726 manducare
458 3691 548 3745 aeque
562 3671 603 3727 od
616 3680 724 3729 utnon
738 3694 805 3730 cum
819 3674 873 3730 hoc
887 3675 998 3730 nmndo
1012 3675 1196 3735 damnemur.

216 3750 351 3807 Grnelal.

214 3830 350 3888 Christus
370 3828 466 3887 factus
489 3836 534 3887 cst
557 3850 611 3906 pro
632 3832 717 3890 nobis
736 3834 875 3891 obediens
896 3836 1047 3910 usquead
1068 3844 1212 3895 mortem:
1235 3847 1374 3900 mortem

152 3918 252 3970 autem
267 3911 369 3969 crucis.

159 3994 188 4051 l'.
214 3991 342 4067 Propter
359 3989 437 4067 quod
456 3997 487 4049 et
505 3991 588 4049 Deus
605 3993 750 4052 exaltavit
763 3995 866 4053 illum:
888 4001 919 4054 et
932 3996 1015 4054 dedit
1028 3998 1073 4055 illi
1086 4018 1207 4072 nomen,
1221 4004 1312 4076 quod
1325 4011 1375 4063 est

153 4093 243 4152 super
256 4091 342 4129 omne
356 4090 472 4129 nomen.

213 4164 381 4224 sacomam
394 4161 561 4220 Jolmmam
575 4163 655 4237 (aeiii.
674 4166 768 4243 l-15).

213 4248 297 4304 Ante
310 4244 388 4302 diem
398 4243 507 4301 festum
522 4244 651 4316 Pascha»,
662 4247 754 4305 sciens
764 4248 786 4306 J
787 4268 852 4306 esus
863 4250 933 4326 quia
947 4251 1031 4309 venit
1044 4252 1119 4311 hora
1132 4255 1205 4330 ejus,
1218 4263 1258 4314 ut
1273 4264 1372 4316 trans·

153 4334 202 4387 cat
225 4347 263 4385 cx
284 4326 340 4384 hoc
361 4324 472 4383 mundo
488 4324 526 4381 ad
549 4323 670 4382 Patrem
687 4347 777 4402 caepae
790 4331 830 4385 cd
851 4332 1020 4407 exemplum
1040 4334 1120 4391 enim
1136 4335 1205 4392 dedi
1218 4338 1319 4413 vobis,
1335 4346 1372 4396 ιιι

154 4406 401 4487 quemadmodum
415 4426 468 4484 ego
481 4404 539 4464 feei
552 4406 645 4478 robis,
658 4406 703 4464 ita
716 4414 747 4465 et
759 4428 812 4467 ros
824 4408 945 4470 faciatis
