2804 4920
573 320 670 385 Festa
684 320 785 386 Maii.
1219 325 1281 386 255

84 496 208 560 tuorum,
223 487 399 561 Alexandri,
425 487 557 560 Eventii,
583 495 614 545 et
632 487 787 559 Theoduli,
810 487 950 545 natalitia
971 487 1102 561 colimus,
1124 509 1142 547 a
1166 489 1282 547 eunetis

83 568 164 625 malis
176 569 403 627 imminentibus
416 588 517 626 eorum
531 569 790 627 intercessionibus
803 568 970 627 liberemur.
1013 569 1078 628 Per.

136 667 190 724 Ae
204 666 327 726 Galatae
340 668 382 745 (o.
401 668 507 741 10-12;
527 667 565 727 oi.
583 667 698 745 12-14).

138 748 278 807 Fratres:
299 748 423 807 Confido
437 749 474 806 de
487 749 570 806 vobis
583 749 617 806 in
631 748 761 806 Domino
775 768 866 824 usque
879 749 921 805 acl
933 754 964 806 et
977 767 1031 825 ego
1044 748 1163 807 mundo.

134 829 287 906 Alleluyn
330 829 358 889 V.
382 830 478 887 Dulce
491 829 607 906 lignum
617 830 717 887 dulces
730 829 829 887 clavos
841 829 941 887 dulcia
955 829 1051 887 ferens
1064 829 1202 906 pondera,
1215 849 1281 907 quae

82 909 137 968 sola
150 911 240 969 fuisti
253 911 344 989 digna
357 912 502 969 sustinere
515 930 614 988 regem
627 911 766 969 oaelorum
779 916 810 969 et
821 909 993 968 Dominum.

135 1008 306 1068 Secundum
332 1008 480 1085 Alleluya
540 1008 570 1066 V.
594 1008 728 1087 Angelus
752 1009 883 1067 Domini.
925 1008 962 1066 Si
978 1019 1046 1085 poet
1070 1010 1280 1082 decensionem,

82 1089 222 1166 llleluya.
267 1091 294 1149 V.
318 1089 492 1148 Ascendena
506 1089 644 1148 Christus
657 1091 689 1148 in
703 1090 806 1149 altum.

134 1195 302 1271 Sequentia.
661 1235 663 1237 »

198 1278 294 1351 Salve,
310 1296 383 1335 erux
396 1283 507 1349 sancta,
522 1277 609 1334 arbor
623 1277 712 1354 digna

197 1358 291 1434 Cujus
304 1359 395 1416 robur
408 1359 570 1435 pretiosum
583 1358 688 1415 mundi
703 1358 793 1416 ferret
806 1357 962 1428 talentum,
1045 1418 1050 1431 ,
1085 1426 1091 1438 ¹

196 1439 246 1498 Ut
258 1440 358 1512 hostis,
373 1459 427 1516 per
438 1438 554 1515 iignum
568 1439 672 1508 iiotor,
687 1438 768 1515 ligno
782 1439 1005 1496 revinceretur:

198 1520 343 1597 Quodque
357 1526 478 1578 exortus
492 1520 596 1578 mortis
609 1520 795 1597 primuserat
803 1519 958 1596 terrigenis
969 1517 1111 1577 Pamdiso
1123 1520 1278 1598 propulsis,

197 1599 294 1659 Causa
306 1602 397 1659 etiarn
412 1602 482 1658 vitre
495 1600 573 1659 foret
583 1601 698 1658 eunetis
712 1606 806 1659 morte
822 1600 934 1658 Christi
947 1619 1017 1658 vere
1032 1600 1210 1660 vivificatis:

195 1682 382 1740 Horrifioum
395 1688 430 1740 tu
444 1702 475 1739 es
488 1701 603 1759 semper
616 1682 732 1758 signum
747 1681 883 1750 inimicis,
898 1701 971 1739 crux
986 1689 1096 1752 saneta,
1110 1682 1205 1754 asevis,

197 1762 295 1833 Quam
317 1782 397 1821 mora
420 1770 509 1840 pavet
534 1763 725 1839 infernusque
745 1764 850 1820 timet:
871 1782 937 1839 quse
959 1762 1079 1820 Christo
1097 1782 1164 1821 suos
1182 1783 1280 1823 recon-

279 1864 397 1922 signas:

196 1925 254 1983 Oui
267 1925 332 1983 laus
345 1926 386 1984 sit
399 1925 431 1982 in
446 1945 550 1984 aevum.
592 1926 701 1984 Amen.

133 2055 339 2132 Evonqdium.
393 2055 468 2113 Erat
486 2055 573 2114 homo
592 2075 630 2113 ex
652 2053 810 2113 Pharisaeis
833 2054 1014 2113 Nicodemus
1037 2055 1166 2128 nomine,
1184 2076 1279 2130 quere

82 2136 211 2218 inflll'eato
230 2137 346 2196 Sancta
368 2137 534 2196 Trinitatis.

135 2218 240 2277 Credo.

135 2315 331 2390 Offertorium.

133 2395 269 2473 Protege,
285 2395 422 2467 Domine,
437 2394 552 2472 plebem
566 2401 650 2453 tuum
663 2414 716 2472 per
728 2394 847 2471 signum
859 2399 968 2452 sanda
982 2393 1077 2453 erucis
1090 2395 1128 2452 ab
1142 2395 1281 2454 omnibus

82 2474 189 2536 insidiis
206 2478 395 2535 inimieorum
415 2476 568 2547 omnium;
589 2482 625 2533 ut
641 2475 698 2533 tibi
710 2482 826 2551 gratam
840 2474 1032 2533 exhibeamus
1050 2476 1235 2547 servitutem,
1249 2483 1280 2535 et

84 2559 251 2636 reeeptabile
264 2559 321 2616 tibi
335 2558 388 2615 fiat
402 2557 577 2615 sacrificium
591 2563 736 2627 nostrum,
749 2556 885 2632 alleluya

135 2656 257 2715 Secreta.

133 2737 317 2796 Sacrificium
334 2743 478 2808 nostrum,
505 2735 642 2808 Domine,
665 2734 744 2811 quod
766 2733 960 2802 immolamus,
984 2732 1116 2809 placatus
1137 2734 1258 2791 intende
1269 2753 1278 2807 3

83 2821 111 2872 u
123 2819 160 2877 ab
172 2820 255 2876 omni
269 2837 322 2876 nos
338 2823 430 2876 exuat
443 2817 587 2875 bellorum
605 2816 748 2893 nequitia,
771 2822 801 2873 et
821 2834 874 2891 per
892 2814 1038 2872 vexillum
1058 2821 1166 2872 sanctie
1183 2815 1279 2873 erucis

82 2889 146 2957 Filii
166 2901 212 2957 tui
236 2900 275 2957 ad
296 2898 487 2957 conterendas
508 2897 665 2976 potestatis
682 2897 811 2954 adversae
825 2895 948 2953 insidias
969 2914 1023 2952 nos
1047 2896 1079 2952 in
1093 2901 1153 2953 tuae
1167 2902 1279 2972 proteo·

82 2973 163 3039 lionis
175 2982 335 3040 securitate
348 2980 516 3038 constituat.
561 2979 620 3036 Per
633 2977 766 3036 eundem.

134 3077 430 3238 gllffiegtffoeffioe’
445 3176 622 3234 quoesumus,
639 3154 776 3226 Domine,
792 3153 959 3212 benedictio
972 3172 1096 3230 corpora
1109 3153 1275 3226 descendet,

82 3250 142 3305 lure
161 3248 191 3298 et
218 3239 484 3298 sanetifioationem
510 3238 595 3295 nobis
627 3237 788 3294 clementer
815 3242 961 3312 operetur,
982 3241 1015 3292 et
1040 3233 1078 3293 de
1105 3240 1274 3313 martyrum

82 3328 194 3380 uorum
207 3341 262 3379 nos
275 3320 473 3379 sollemnitate
487 3319 625 3377 loetifioet.
669 3318 736 3375 Per.

136 3426 285 3503 Proesotio.
329 3426 390 3496 Qui
403 3425 528 3484 salutem
542 3406 667 3482 humani
679 3422 802 3499 generis.

138 3522 315 3584 Communia.

138 3604 194 3663 Per
215 3606 332 3684 lignum
360 3605 441 3664 servi
468 3604 539 3662 faeti
567 3622 669 3662 sumus
680 3622 689 3676 ;
720 3608 751 3660 et
777 3620 830 3677 per
856 3606 988 3658 sanctam
1016 3620 1132 3659 erucem
1159 3601 1278 3660 liberati

82 3692 193 3745 ulnus:
213 3686 328 3745 frustm
340 3686 453 3744 arboris
467 3685 586 3743 seduxit
600 3703 673 3758 nos3
688 3682 783 3741 Filius
797 3681 856 3740 Dei
870 3682 996 3740 redemit
1009 3701 1072 3755 nos,
1086 3682 1220 3760 alleluya.

139 3785 377 3845 Poetcommum‘o.

139 3865 255 3945 Repleti
282 3866 423 3925 alimonia
450 3865 559 3923 oaelesti
588 3869 619 3922 et
641 3862 790 3941 spirituali
815 3861 918 3939 poculo
945 3863 1077 3933 recreati,
1099 3882 1276 3940 quaesumus,

82 3947 259 4026 'mnipotens
273 3948 364 4021 Dens,
376 3954 412 4005 ut
425 3948 463 4004 ab
477 3947 560 4004 hoste
574 3944 704 4022 maligno
725 3944 873 4012 defendas,
888 3963 962 4021 quos
976 3963 1028 4021 per
1040 3942 1155 4020 lignum
1169 3951 1276 4002 sanotae

82 4029 170 4087 rucis
183 4030 253 4088 Filii
265 4029 313 4088 tui
326 4029 416 4088 armis
425 4028 552 4105 justitiae
566 4046 620 4105 pro
634 4026 729 4085 salute
742 4025 847 4082 mundi
861 4024 1045 4103 triumphare
1053 4024 1179 4100 jussisti
1219 4025 1278 4082 Per

82 4109 209 4170 mntem.

143 4208 208 4268 llio
219 4208 462 4269 Poetoommunio.

144 4286 225 4350 Peaee
237 4310 302 4364 nos,
316 4288 453 4362 Domine,
469 4294 590 4346 tuorum
610 4287 726 4364 gaudiis
745 4287 856 4364 ubique
877 4290 1054 4357 sanctorum,
1076 4284 1146 4361 quia
1167 4293 1275 4344 nostre*

82 4359 182 4455 &lutis
200 4378 361 4451 eugmema
381 4377 461 4444 sunt,
485 4369 624 4447 quotiens
644 4368 704 4427 illis
722 4368 818 4426 honor
840 4366 1024 4444 impenditur
1046 4365 1079 4422 in
1108 4365 1216 4442 quibus
1241 4374 1275 4425 tu

83 4449 219 4515 nm*bilin
230 4451 408 4533 predicaris
451 4450 520 4513 Per.
