2804 4920
118 335 180 396 382
376 332 424 396 Iu
446 330 570 396 Noto-li
589 330 827 416 plurimorum
848 331 1056 415 Martyrum

175 498 274 557 Lectio
288 499 426 575 Epistolae
439 499 514 556 beati
527 498 621 556 Pauli
633 497 784 575 Apostoli:
805 497 855 556 Ad
868 497 1009 574 Eplwsios
1021 498 1059 563 (t
1078 498 1158 573 3-8).

176 579 312 638 Fratres:
334 579 511 637 Benedictus
525 580 608 637 Deus
621 587 653 637 et
668 580 757 637 Peter
771 579 896 636 Domini
916 580 1012 636 nostri
1030 578 1054 637 J
1056 598 1107 636 esu
1130 578 1251 648 Christi,
1264 579 1307 655 qui

114 661 269 718 benedixit
299 681 353 717 nos
380 681 471 735 usquo
498 662 538 717 ad
572 681 637 738 quae
664 661 916 737 superabundavit
942 660 976 717 in
1002 660 1096 733 nobis,
1128 659 1189 717 Per
1214 659 1304 717 Josun

115 743 268 800 Christum
283 741 447 799 Dominum
460 752 605 798 nostrum.

175 840 271 898 Lectio
285 839 354 896 libri
366 838 525 915 Sapientis
538 839 669 914 (Rectus.
685 839 752 897 xliv.
771 839 885 913 10-15).

175 920 221 978 Hi
244 928 315 977 sunt
337 921 394 978 viri
416 921 621 978 misericordie
642 942 733 995 osque
753 921 796 978 od
814 928 845 978 ct
869 921 987 979 leudem
1012 941 1116 978 eorum
1141 921 1295 998 pronuntiet

115 1002 210 1059 omnis
225 1001 355 1059 Ecclesia
369 1009 546 1059 sanctorum.

173 1095 271 1152 Lectio
285 1095 353 1152 libri
365 1093 556 1169 Apocalypsis
569 1094 644 1152 beott'
657 1094 805 1154 lobon-nis
818 1094 951 1170 Apostoli
962 1095 1032 1166 (vti.
1050 1095 1149 1172 9-12).

174 1176 213 1232 In
227 1176 331 1233 diebus
343 1176 422 1232 illis:
442 1175 517 1232 Vidi
531 1176 638 1232 ostium
659 1186 795 1249 apertum
813 1176 844 1232 in
862 1174 941 1246 caelo,
963 1183 993 1233 et
1014 1196 1081 1233 ecce
1098 1177 1187 1234 turba
1205 1196 1290 1251 meges

112 1277 201 1332 quem
216 1257 402 1314 diuumeinre
416 1276 506 1331 usquo
519 1256 561 1314 od
573 1263 604 1313 et
616 1256 762 1314 fortitudo
774 1257 838 1314 Deo
852 1263 960 1327 nostro,
972 1257 1005 1314 in
1015 1257 1123 1315 saecule
1132 1257 1287 1314 seculorum.

113 1342 221 1395 Amen.

176 1417 311 1476 Grodole.

174 1500 379 1557 Exsultabunt
392 1499 488 1556 saneti
502 1499 532 1554 in
547 1498 657 1574 gloria:
679 1499 860 1556 leetobuntur
874 1499 903 1556 iu
920 1499 1069 1557 cubilibus
1082 1501 1150 1557 suis

119 1580 145 1638 V.
174 1580 300 1638 Cantate
314 1580 444 1637 Domino
458 1580 606 1637 canticum
621 1600 751 1636 novum:
772 1580 836 1636 leus
850 1581 913 1656 ejus
926 1580 960 1637 in
974 1581 1106 1639 Ecclesia
1120 1587 1271 1638 sanctorum.

176 1673 309 1732 tractate.

175 1755 328 1812 Gloriosus
342 1753 424 1811 Deus
438 1755 469 1811 in
484 1754 610 1810 sanetis:
632 1754 777 1810 mimtssis
792 1755 822 1811 in
837 1756 1000 1830 majestate,
1016 1755 1128 1812 faciens
1140 1752 1259 1831 prodigis

119 1835 147 1892 V.
175 1836 307 1893 Dextera
320 1844 381 1905 tua,
397 1835 533 1905 Domine,
548 1835 711 1911 glorificata
730 1846 776 1892 cst
797 1837 829 1892 in
850 1836 982 1893 virtute:
1003 1835 1128 1893 dentem
1141 1848 1278 1893 mouisset

113 1917 256 1993 confregit
269 1917 431 1973 inimicum.

174 2011 309 2068 Gradiue.

171 2092 193 2148 J
196 2100 329 2149 ustorum
342 2092 449 2148 snimae
463 2091 494 2147 in
509 2111 599 2148 manu
617 2090 675 2147 Dei
698 2097 788 2147 sunt:
809 2096 840 2147 ot
853 2110 914 2146 non
928 2098 1032 2166 tanget
1046 2091 1113 2149 illos
1127 2095 1275 2147 tormentum
1312 2162 1314 2167 Ι

114 2172 243 2229 mulitiae.
1312 2170 1314 2181 '

118 2254 146 2310 l'.
173 2253 241 2309 visi
255 2260 326 2310 sunt
339 2252 431 2310 oculis
444 2253 648 2330 insipientium
665 2253 758 2309 mori:
781 2252 827 2309 illi
840 2259 940 2310 eutem
954 2262 1025 2311 sunt
1040 2253 1073 2310 in
1087 2272 1163 2329 pace

174 2346 308 2403 Gradale.

172 2427 310 2497 Vindice,
326 2426 462 2496 Domine,
478 2427 647 2503 sanguinem
665 2434 835 2483 sanctorum
849 2433 970 2484 tuorum
985 2428 1037 2503 qui
1052 2428 1160 2484 effusus
1173 2432 1216 2482 est.

117 2509 145 2565 Γ.
174 2508 340 2564 Posuenunt
354 2507 490 2564 mortalia
503 2528 655 2564 servorum
669 2515 790 2564 tuorum
812 2528 891 2565 esces
912 2508 1086 2566 volatilibus
1107 2509 1183 2566 eaeti:
1202 2519 1273 2562 comt!

111 2596 279 2646 sanctorum
293 2597 411 2645 tuorum
428 2589 529 2645 bestiis
544 2596 636 2644 ternu.

173 2670 306 2726 (tradate.

171 2752 381 2808 (llanntverunt
391 2751 475 2823 justi,
492 2757 521 2805 et
532 2750 679 2805 Dominus
690 2751 845 2806 ‹exstudivit
860 2772 908 2806 cos
922 2773 927 2808 :
950 2759 981 2808 et
991 2772 1026 2807 ex
1039 2752 1172 2808 omnibus
1184 2743 1270 2805 tribulu-
1312 2788 1314 2819 Ι

109 2833 239 2888 tionibus
254 2853 355 2888 eorum
370 2832 508 2886 litu-avit
522 2852 577 2886 eos.
1312 2840 1314 2901 Ι

116 2914 144 2971 V.
170 2914 267 2971 Juxta
281 2922 325 2969 est
340 2913 487 2968 Dominus
507 2909 553 2968 hi's
576 2913 626 2986 qiu
650 2912 792 2967 tribulato
807 2920 878 2968 sunt
891 2913 995 2968 corde:
1017 2921 1048 2969 et
1063 2913 1183 2969 humiles
1195 2905 1268 2984 spiritu

109 2996 242 3051 salvabit.

171 3075 305 3131 Grodol„

170 3157 244 3212 Ecce
258 3176 346 3230 quani
362 3157 471 3209 bonuin
487 3162 517 3210 et
531 3174 618 3228 quani
630 3155 811 3228 jocundum:
833 3155 967 3211 habitere
982 3156 1088 3211 fratres
1103 3156 1134 3211 in
1148 3170 1229 3209 unuin.

115 3236 143 3292 l'.
172 3238 254 3293 Sicut
280 3243 462 3311 unguentum
485 3237 515 3290 in
537 3235 650 3310 cupite:
684 3236 761 3310 quod
790 3236 938 3292 descendit
966 3236 998 3292 in
1027 3237 1154 3307 borbum,
1179 3230 1265 3289 leuben

109 3319 219 3373 Aaron.

171 3398 303 3454 Gradela.

168 3479 282 3534 Timete
298 3479 467 3548 Dominum,
482 3498 581 3535 omnes
595 3480 689 3535 saneti
701 3480 780 3552 ejus:
799 3478 937 3553 quoniam
953 3479 1028 3535 nihil
1040 3480 1121 3535 deest
1132 3469 1264 3534 tinenttn

108 3580 183 3616 enni.

114 3643 140 3699 l'.
169 3641 358 3716 inquirentes
372 3647 470 3696 eutem
486 3641 648 3696 Dominum
663 3662 668 3696 :
690 3661 749 3696 non
764 3640 901 3696 deficient
915 3642 995 3696 enini
1009 3642 1093 3698 bono.

169 3722 302 3780 (tradate.

167 3805 278 3860 Anima
293 3809 401 3870 nostru,
418 3803 494 3857 sicut
509 3823 625 3876 nissen:
648 3810 748 3876 erepte
762 3809 807 3857 est
822 3802 858 3858 de
872 3802 978 3877 laqueo
994 3804 1167 3858 venantium.

114 3887 140 3942 l'.
168 3886 304 3959 Laqueus
325 3883 472 3939 contritus
493 3894 545 3947 cst,
567 3893 598 3939 et
616 3904 669 3938 nos
691 3883 806 3938 liberati
828 3903 946 3939 sumus:
968 3884 1146 3958 adjuterium
1163 3882 1260 3935 nostrunl

106 3969 137 4024 in
152 3971 271 4023 nomine
288 3965 409 4020 Domini
422 3985 428 4033 3
450 3965 500 4038 qui
517 3966 585 4020 lecit
599 3965 700 4020 cadunt
716 3972 746 4019 ct
761 3970 877 4021 terram.

169 4058 302 4116 Groclol..

166 4140 335 4196 Sacerdotes
363 4140 426 4213 ejus
454 4137 572 4192 induens
602 4137 742 4193 sidnteri:
772 4144 801 4193 et
827 4138 921 4194 sancti
945 4139 1009 4213 ejus
1034 4134 1211 4195 exsultatione
1228 4134 1259 4172 Μ·

106 4223 267 4279 snltubunt.

113 4306 139 4361 l'.
167 4303 244 4360 Illuc
259 4301 414 4375 perducam
430 4320 520 4355 contin
536 4298 651 4354 David:
674 4300 773 4373 pastui
790 4299 938 4355 lucernam
955 4300 1074 4357 Christo
1088 4319 1154 4355 meo.

166 4384 311 4457 Alleluya.
363 4382 391 4437 Γ.
414 4382 495 4438 lusti
511 4380 668 4455 epulentur
683 4388 713 4436 et
728 4381 877 4436 exsultent
887 4382 916 4437 iu
927 4389 1083 4457 conspectu
1099 4380 1166 4437 Dei:
1184 4364 1256 4426 [tist-

107 4475 192 4523 entur
208 4467 238 4520 in
253 4463 364 4519 latitia.
