2804 4920
526 300 623 368 resta
643 298 849 367 Nocembcte.
1220 303 1283 389 3⁶9

140 468 398 528 Postoommum'a

139 549 262 609 Mentes
285 557 409 620 nostras,
423 569 598 626 quaesumus,
621 548 759 619 Domine,
781 548 923 626 susceptis
944 548 1050 608 robora
1072 550 1281 625 sacramentis3

82 637 112 690 rt
125 631 207 689 sicut
220 651 270 690 eos
281 632 364 689 beati
373 631 525 689 Edmundi
539 630 712 689 confessoris
726 630 773 688 tui
786 638 876 707 atque
888 630 1037 707 pontificis
1046 631 1132 688 novis
1142 631 1281 708 dignatus

82 731 109 771 es
121 713 291 771 confortare
304 712 472 784 miraculis3
491 713 533 770 sic
547 713 637 770 etiam
648 713 757 789 juvare
770 711 918 790 suffragiis
938 717 969 769 et
988 711 1139 770 illustram
1152 712 1282 790 digneris

82 793 233 872 exemplis
276 793 336 852 Per
349 794 520 851 Dominum.

179 947 293 1007 Ssrcrr
311 950 442 1021 Amin,
464 965 600 1009 rrrscom
621 965 659 1007 rr
678 964 882 1008 consuescere.
926 948 989 1028 (xv.
1005 948 1076 1008 Kal
1091 948 1178 1028 Dea)

142 1052 286 1128 Officium.
328 1053 500 1113 Sacerdotes
513 1056 584 1132 ejus

141 1132 252 1193 Oratio.
295 1134 386 1207 Deus,
401 1137 453 1213 qui
473 1143 604 1194 sanctam
625 1134 711 1193 nobis
730 1134 819 1211 hujus
832 1134 891 1193 diei
910 1133 1111 1194 celebritatem
1131 1155 1186 1213 pro
1205 1154 1280 1194 oom-

82 1216 293 1274 memoratione
314 1217 393 1275 beati
415 1217 530 1275 Auiani
554 1216 725 1274 confessoris
747 1216 793 1273 tui
816 1215 920 1287 fecisti,
944 1215 1045 1274 adesto
1072 1217 1192 1274 familiae
1219 1223 1279 1275 tues

82 1296 215 1373 precibus
224 1316 233 1368 ;
254 1303 284 1354 et
301 1297 339 1355 da
358 1304 394 1355 ut
413 1298 497 1374 cujus
517 1296 604 1355 hodie
624 1297 699 1355 festa
718 1296 906 1369 celebramur,
923 1297 987 1374 ejus
1007 1298 1121 1356 meritis
1139 1303 1170 1356 et
1189 1298 1280 1356 inter·

82 1377 259 1436 eoesionibus
272 1378 454 1456 adjuvemur.
497 1379 564 1438 Per.

139 1458 284 1534 Εγίεωὶα.
327 1459 446 1536 Optavi.

140 1537 278 1598 Gradole
320 1539 429 1598 Inveni
443 1538 549 1599 David

138 1619 290 1697 Alleluya
340 1620 369 1679 V.
392 1620 533 1696 Disposui
547 1625 763 1678 testamentum.

137 1700 341 1776 Eocnqelium.
383 1701 526 1778 Vigilate,
541 1701 611 1777 quia
627 1701 754 1759 nescitis.

140 1780 334 1856 Offertoriecm.
376 1782 571 1842 Desiderium.

138 1861 261 1922 Secreta

139 1943 318 2002 Muneribus
332 1943 449 2013 nostris,
465 1942 599 2015 Domine,
616 1943 711 2000 sancti
724 1941 839 2001 Auiani
852 1942 1025 2002 confesmris
1037 1943 1085 2001 tui
1104 1949 1194 2021 atque
1210 1963 1279 2020 pon·

82 2022 166 2083 tidois
185 2024 262 2082 festa
281 2043 477 2095 veneramur3
500 2037 616 2100 praesta,
631 2043 807 2101 quaesumus,
822 2029 857 2080 ut
877 2043 943 2100 quse
964 2024 1149 2082 conscientiae
1169 2033 1277 2083 nostra

82 2105 303 2183 propediantur
315 2105 483 2177 obstaculis,
497 2104 579 2162 illius
591 2105 706 2162 meritis
719 2105 880 2163 reddantur
893 2111 1018 2182 accepta
1062 2104 1127 2166 Per.

139 2184 323 2246 Communis.
366 2185 503 2258 Domine,
519 2186 651 2263 quinque
664 2185 786 2244 talenta

138 2266 383 2326 Posteonmuaio.

139 2347 187 2408 Ut
200 2348 294 2420 nobis,
307 2347 442 2417 Domine,
452 2354 507 2406 tua
520 2353 703 2406 sacramenta
716 2348 788 2406 dent
801 2347 935 2420 salutem,
947 2347 1051 2406 beatus
1064 2347 1203 2407 Auienus
1216 2368 1282 2407 oon·

83 2427 171 2487 inor
181 2434 254 2487 tuus
267 2436 357 2506 atque
370 2429 514 2506 pontifex,
529 2449 705 2507 quaesumus,
719 2438 854 2506 precator
865 2428 992 2487 accedat
1035 2427 1095 2486 Per
1109 2428 1279 2489 Dominum.

136 2508 173 2569 Si
198 2511 235 2569 ἐπ
260 2510 307 2568 lis
338 2510 453 2569 Octavia
479 2510 523 2569 vel
548 2510 633 2586 infre
658 2510 817 2568 Dominioe
843 2510 1002 2585 contiperil,
1031 2519 1123 2568 lotum
1149 2514 1210 2586 fiel
1243 2512 1279 2570 do

87 2587 237 2651 hatinies
249 2600 277 2650 et
288 2591 429 2651 numm-ia
441 2593 476 2650 de
488 2591 604 2650 Sancto.

430 2738 472 2799 In
491 2739 626 2799 Ocrsv1s
646 2754 754 2798 sanc-n
774 2737 926 2796 Mearm.

141 2836 282 2913 Officium
326 2836 440 2895 Statuit
452 2836 488 2895 ei.

140 2916 252 2978 Oratio.

138 2998 281 3070 OEncede,
295 3018 472 3076 quesumus,
488 2998 674 3075 omnipotens
694 2996 785 3068 Deus,
800 3003 836 3054 ut
856 2995 937 3055 besti
960 2994 1087 3054 Martini
1107 2995 1279 3056 confessoris

91 3078 233 3157 tuiatque'
249 3080 399 3157 pontificis
419 3080 608 3156 frequentata
630 3078 812 3136 sollemnitas
835 3078 873 3136 ad
897 3083 1070 3154 perpetuam
1093 3076 1202 3155 populo
1225 3083 1279 3138 tuo

90 3160 213 3231 prolioiat
225 3160 371 3233 alutem,
391 3167 422 3219 et
435 3177 523 3238 quem
537 3159 642 3236 saepius
655 3178 831 3218 veneramur
840 3158 873 3217 in
887 3159 983 3232 terris,
993 3178 1108 3236 semper
1120 3158 1280 3218 habeamus

88 3246 236 3313 patronum
250 3241 284 3299 in
297 3242 383 3300 caelis.
425 3242 491 3299 Per.

140 3322 282 3398 Epicteti.
324 3322 399 3380 Ecce
412 3321 552 3380 sacerdos.

141 3402 276 3462 Grodals
318 3403 453 3474 Domine,
469 3402 646 3478 prevenisti.

141 3483 289 3561 Alleluys.
337 3484 367 3545 V.
390 3483 451 3541 Hie
466 3484 625 3554 Martinus,
639 3491 673 3539 ut
687 3482 825 3558 ruprain
838 3483 894 3542 die.

141 3563 341 3641 decapolim
383 3564 488 3624 Nolite
500 3564 614 3637 timere,
628 3562 753 3641 pusillus
766 3583 846 3641 grex.

142 3644 335 3720 offertorim
376 3644 497 3704 Veritas
510 3664 582 3703 mea

141 3725 261 3786 Secreta.

142 3805 214 3867 Haec
228 3806 349 3881 oblatio,
366 3806 501 3880 Domine,
517 3826 694 3884 qnaesumus,
710 3825 799 3883 qnam
818 3806 926 3864 iterata
939 3805 1035 3865 sancti
1048 3806 1219 3865 confessoris
1232 3807 1278 3865 tui

82 3874 206 3947 Massi
218 3888 383 3948 festivitate
396 3895 456 3947 tuae
469 3889 618 3964 majestati
628 3888 785 3958 offerimus,
797 3887 882 3945 nobis
895 3888 989 3963 prosit
1001 3887 1039 3945 ad
1052 3887 1277 3964 indulgentiam,

82 3968 258 4111 mm
270 3988 289 4028 a
301 3968 411 4028 nostris
431 3970 590 4027 liberemur
609 3969 743 4046 peccatis,
759 3975 790 4026 et
809 3970 899 4027 sacris
918 3968 1060 4026 altaribus
1080 3974 1176 4027 astare
1196 3969 1278 4047 digni

148 4049 155 4063 ’
201 4070 246 4112 nr.
288 4050 354 4110 Per.

146 4128 320 4191 dommam‘o.
363 4130 474 4190 Beatus
486 4150 596 4189 servus.

147 4210 381 4273 Postoommam'o.

148 4290 339 4367 firmamenta
364 4293 499 4365 Domine,
524 4311 701 4369 quaesumus,
724 4311 789 4368 quae
816 4291 1003 4369 sumpsimus,
1029 4291 1116 4350 beato
1145 4291 1279 4351 Martiae

92 4369 242 4435 el’messore
260 4381 315 4435 tao
337 4374 546 4446 intercedente,
560 4374 598 4432 ab
616 4374 697 4432 omni
718 4393 772 4431 nos
793 4374 972 4432 adversitate
985 4371 1154 4449 defendent,
1167 4380 1198 4431 et
1218 4392 1281 4452 per·

95 4452 174 4517 Μ
183 4456 375 4536 prosperitate
386 4455 444 4514 tibi
457 4454 523 4514 Dec
536 4454 592 4513 soli
605 4455 715 4514 servire
728 4454 896 4515 concedant.
938 4454 1004 4512 Per.
