2804 4920
513 334 610 401 Festo
631 333 789 420 Aequeti.

114 500 319 577 Emnqclinm.
362 501 437 560 Cum
452 501 614 560 audieritis.

114 582 309 656 offertorium
353 583 576 641 Gloriebuntur.

113 662 235 722 Secreta

114 744 274 803 Sacrificiis
295 745 497 822 praesentibus,
514 744 652 815 Domine,
667 763 843 821 quaesumus,
863 744 986 803 intende
1002 743 1145 823 placatus,
1167 748 1202 800 ut
1222 750 1254 801 et

72 826 205 884 evotioni
218 833 327 884 nostrae
341 826 496 903 proficient
510 833 540 884 et
554 825 652 884 saluti.
695 826 762 885 Per.

113 906 296 966 Communia.
339 906 403 985 Ego
416 926 468 966 vos
481 907 565 985 elegi.

114 987 356 1046 Postcommunio.

111 1069 233 1141 Praesm,
249 1089 426 1146 quaesumus,
440 1069 569 1127 Domine
584 1068 668 1126 Deus
680 1075 790 1141 noster,
804 1074 840 1125 ιιι
853 1087 980 1145 quorum
993 1067 1079 1125 nobis
1092 1066 1255 1125 festivitate

72 1150 152 1207 otirc
166 1157 238 1208 sunt
251 1156 443 1222 sacramente,
458 1169 560 1208 eorum
575 1150 660 1208 nobis
673 1150 881 1209 intercessione
895 1149 1037 1207 seluteria
1049 1148 1221 1207 reddantur.

178 1357 290 1414 Ssscn
313 1356 446 1430 Donsrr,
469 1374 601 1416 srrscorr
624 1374 661 1415 nr
681 1375 842 1416 mrsnrs.
887 1357 951 1435 (vii.
967 1357 1013 1415 Id.
1029 1357 1124 1436 Aug.)

112 1505 254 1581 Officium.
297 1507 337 1564 In
350 1507 463 1565 virtute
477 1513 538 1568 tun

113 1586 222 1645 Oratio.

111 1667 201 1738 Deus,
234 1673 355 1726 tuorum
387 1669 481 1746 glorie
512 1670 705 1740 sacerdotum,
735 1674 850 1746 presta,
878 1687 1055 1746 quaesumus,
1089 1674 1125 1726 ut
1158 1669 1253 1727 sancti

73 1749 189 1857 portyris
202 1749 249 1807 tui
263 1756 295 1807 et
308 1751 436 1826 episcopi
450 1750 572 1824 Donati,
588 1752 672 1826 cujus
685 1750 760 1808 feste
773 1750 909 1828 gerimus,
927 1749 1088 1807 sentiamus
1097 1748 1250 1808 auxilium.

73 1847 115 1887 er.

110 1910 249 1986 Epistola.
294 1910 446 1968 Doctrinis
460 1912 556 1970 variis.

111 1991 247 2049 Grcrlalc.
289 1992 311 2049 J
314 1993 414 2049 uravit
427 1992 581 2052 Dominus,

109 2072 257 2149 Alleluys.
308 2073 336 2130 V.
359 2073 422 2130 Iste
436 2081 561 2132 sanctus.

108 2153 310 2228 Eecnqelium.
354 2153 473 2226 Videte,
487 2155 617 2232 vigilate.

107 2233 300 2308 offertorium.
344 2234 446 2292 Gloria
459 2243 490 2293 et
503 2237 621 2295 honore.

106 2315 225 2374 Secreta.

107 2396 228 2468 Pressa,
243 2416 419 2474 quaesumus,
434 2403 470 2454 ιιι
478 2397 613 2474 precibus
627 2397 723 2455 sancti
736 2397 877 2469 martyris
887 2396 935 2454 tui
946 2403 977 2455 et
985 2397 1114 2474 episcopi
1124 2394 1246 2468 Donati,

74 2490 133 2534 tem
155 2478 193 2535 ad
216 2478 335 2535 leudem
353 2479 481 2536 nominis
503 2479 550 2536 tui
568 2479 673 2536 dicetis
696 2479 869 2536 muneribus
893 2477 1080 2552 honoramus,
1094 2479 1151 2555 piae
1165 2477 1251 2536 nobis

74 2559 214 2616 notionis
227 2559 342 2617 fructus
355 2567 505 2617 accrescat.
548 2559 616 2618 Per.

105 2639 292 2698 Coruncanio.
336 2640 421 2709 Quod
435 2640 501 2698 dico
516 2641 606 2698 vobis

104 2721 349 2779 Postcommrmio.

103 2802 303 2878 Omnipotens
323 2808 354 2859 et
369 2801 534 2861 misericors
555 2802 646 2872 Deus,
660 2801 713 2878 qui
731 2821 784 2859 nos
803 2807 1053 2860 sacramentorum
1073 2805 1195 2858 tuorum
1217 2805 1249 2857 et

75 2883 202 2959 tticipes
216 2883 306 2940 efficis
319 2889 351 2940 et
372 2883 541 2954 ministros;
562 2890 677 2960 presta,
691 2902 868 2960 quaesumus,
883 2889 919 2940 ιιι
943 2881 1143 2940 intercedente
1161 2881 1248 2939 besto

75 2973 172 3036 ructo,
187 2970 219 3021 et
232 2962 300 3021 fidei
314 2964 460 3021 consortio
474 2970 506 3022 et
520 2963 609 3041 digno
623 2965 746 3022 servitio
759 2964 869 3022 eisdem
884 2962 1077 3040 proficiamus
1124 2961 1191 3020 Per.

100 3179 215 3240 Eonsn
236 3197 290 3238 nin
311 3196 493 3239 ssncroson
515 3181 645 3238 Cssmcr
666 3198 882 3251 soc101tUnQus
903 3196 984 3252 scus,
1007 3195 1185 3238 mersen.

536 3275 588 3349 (vi.
604 3273 649 3334 Id.
665 3274 758 3352 Aug.)

101 3410 246 3486 (lfficicm.
289 3411 404 3469 Timete
419 3411 591 3469 Dominum.

100 3494 213 3552 Oratio.

98 3571 192 3643 Deus,
218 3573 271 3650 qni
292 3592 346 3630 nos
363 3593 464 3631 annus
480 3573 560 3630 besti
575 3574 714 3650 martyris
728 3573 774 3631 tui
789 3572 915 3650 Cyriaci
932 3573 1030 3650 Largi,
1046 3579 1077 3630 et
1092 3570 1245 3649 Smamgdi

75 3662 206 3730 -rtyrum
219 3662 342 3712 tuorum
360 3655 559 3712 sollemnitate
573 3654 714 3724 letifices,
736 3654 861 3712 concede
883 3655 1038 3731 propitius,
1061 3661 1097 3710 nt
1119 3672 1246 3729 quorum

76 3737 178 3794 mlitia
191 3735 325 3806 colimus,
340 3736 485 3793 virtutem
498 3755 616 3812 quoque
630 3737 773 3813 passionis
787 3735 947 3793 imitemur.
1000 3735 1057 3792 Per
1072 3735 1244 3792 Dominum.

101 3816 244 3894 Epistola.
287 3816 502 3893 Spectaculum.

103 3898 238 3957 Gradalc
282 3898 398 3955 Timete
413 3897 585 3955 Dominum.

100 3979 251 4056 Alleluyn
302 3978 328 4036 ι’.
352 3978 617 4056 Fulgebuntjnsti.

103 4056 303 4135 h'rnripdiom.
345 4060 422 4117 Cum
436 4059 598 4117 audieritis.

104 4139 295 4214 offertor-ium.
339 4140 507 4199 Loetamini.

100 4221 223 4280 Secreta.

100 4304 233 4381 Accepto
245 4302 286 4360 sit
302 4301 335 4360 in
356 4310 515 4380 conspectu
535 4309 597 4373 tuo,
613 4302 750 4373 Domine,
765 4308 874 4359 nostrae
888 4299 1055 4358 devotionis
1076 4298 1195 4370 oblatio,
1213 4304 1244 4356 et

76 4393 142 4442 rum
154 4384 240 4443 nobis
253 4385 307 4442 fiat
319 4384 534 4463 supplicatione
547 4383 685 4442 salutaris
695 4403 748 4460 pro
760 4402 886 4460 quorum
895 4381 1092 4439 sollemnitate
1102 4380 1241 4439 defertur.

77 4473 105 4518 ἔτ
117 4463 285 4525 Dominum
