2804 4920
411 305 597 373 nomam
617 307 661 374 aa
682 309 902 396 saeuam.

544 540 644 599 Fama
664 540 774 600 Sarra

114 661 212 721 Lectio
225 661 365 739 Ibpa’slclsa
377 664 453 721 hecti
465 663 614 723 Jotanaia
626 665 757 742 Apostoli
772 668 811 744 (i.
829 668 945 746 10-20).

69 832 84 882 t
114 743 285 883 iltammssmi:
307 744 368 815 Qui
380 764 441 802 non
451 745 545 804 credit
558 747 591 804 in
605 747 717 805 Filium
730 748 789 806 Dei
799 770 890 825 asquia
900 751 941 807 ad
951 749 1013 808 Hic
1023 756 1068 808 est
1078 769 1166 809 verus
1178 750 1260 808 Deua

50 845 68 881 e
98 845 131 882 rr
145 846 164 882 a
177 845 202 882 ai
232 845 295 884 rna.

115 906 284 965 strennuum
297 906 410 965 Lucam
423 907 479 983 (ic.
496 908 564 965 51-5
569 909 612 987 6)

116 987 157 1043 In
171 987 223 1044 illo
239 993 380 1064 tempore,
398 989 521 1046 Factum
544 996 589 1048 est
609 996 709 1049 autem
729 991 801 1049 dum
822 993 1040 1070 complerentur
1060 1014 1150 1070 uaqrac
1170 994 1211 1051 ad
1231 1000 1261 1052 et
1291 998 1294 1004 '

50 1067 195 1125 abierunt
207 1067 241 1125 in
253 1069 336 1127 aliud
349 1069 510 1128 castellum.

440 1264 601 1323 Doumrcs
622 1282 655 1323 rs
676 1265 881 1327 Srrsousrua

118 1361 260 1437 Officium,

117 1443 263 1520 Exsurge,
277 1462 368 1520 quare
388 1443 543 1517 obdormis,
560 1444 698 1516 Domine,
713 1465 845 1522 exsurge,
861 1450 891 1503 et
904 1465 942 1503 ne
960 1446 1083 1524 repellas
1101 1446 1134 1504 in
1153 1447 1262 1505 finem:

50 1544 149 1601 quare
169 1524 274 1582 faciem
294 1529 379 1582 tuam
398 1525 516 1596 avertis,
532 1526 712 1583 oblivisceris
725 1526 948 1584 tribulationem
961 1534 1114 1600 nostram
1140 1527 1264 1586 adhesit

51 1608 86 1663 in
102 1611 302 1744 ‘mmm
314 1611 415 1664 noster
425 1627 436 1680 3
457 1626 590 1684 exsurge,
606 1606 742 1678 Domine,
756 1605 866 1683 adjuva
878 1627 940 1681 nos,
956 1614 987 1665 et
1000 1608 1093 1666 libera
1105 1627 1166 1667 nos.

119 1767 211 1907 geas,
225 1768 346 1826 auribus
356 1769 465 1825 nostris
474 1768 659 1826 audivimus:
680 1774 779 1844 patres
792 1770 887 1826 nostri
900 1770 1156 1829 annuntiaverunt
1168 1770 1262 1829 nobis.
1309 1796 1312 1801 >

147 1857 231 1906 raho.

119 1929 212 2000 Deus,
227 1930 280 2006 qui
294 1929 435 2006 conspicis
450 1930 520 2007 quia
533 1950 571 1987 ex
586 1929 669 1987 nulla
681 1936 783 1988 nostra
796 1930 911 1989 actione
924 1931 1097 1990 confidimus
1108 1953 1117 2005 3
1141 1933 1265 1991 concede

51 2010 213 2089 propitius,
228 2017 264 2067 ut
284 2018 387 2069 eontra
399 2011 522 2069 adversa
535 2012 635 2069 omnia
648 2011 776 2070 doctoris
791 2013 925 2090 gentium
946 2014 1128 2089 protectione
1148 2013 1263 2072 munia-

54 2111 134 2150 mur.
178 2090 238 2148 Per
253 2091 424 2152 Dominum.

119 2172 170 2229 Ad
184 2171 351 2231 Corinthios
364 2172 401 2248 (2
415 2171 454 2229 cri.
473 2173 571 2245 19-33,
585 2172 636 2231 cii.
658 2174 731 2252 1-9)

120 2254 258 2310 Fratres:
283 2253 425 2311 Libenter
438 2254 567 2311 suffertis
580 2253 753 2330 insipientes
766 2277 772 2312 :
786 2274 854 2313 cum
867 2255 932 2313 sitis
945 2254 1002 2332 ipsi
1016 2255 1162 2332 sapientes
1175 2274 1266 2331 usque

55 2336 101 2393 cd
115 2334 198 2392 Deus
212 2340 243 2391 et
256 2334 347 2392 Pater
360 2334 484 2392 Domini
496 2336 591 2392 nostri
604 2335 626 2392 J
627 2354 678 2392 esu
700 2335 811 2394 Christi
825 2336 888 2410 scit,
911 2337 963 2414 qui
984 2342 1029 2394 est
1048 2336 1219 2395 benedictus
1234 2336 1267 2394 in

54 2415 175 2488 saecula,
192 2415 272 2492 quod
292 2435 352 2473 non
366 2416 495 2473 mentior
509 2415 548 2493 (r.
567 2416 627 2492 31).
661 2416 798 2475 Damasci
820 2419 995 2494 praepositus
1017 2418 1121 2494 gentis,
1143 2417 1266 2475 Arethae

55 2498 136 2574 regis
157 2496 341 2554 custodiebat
354 2496 506 2554 civitatem
520 2496 780 2569 Damascenorum,
795 2505 831 2555 ut
844 2517 891 2555 me
904 2499 1164 2574 comprehenderet
1177 2518 1268 2575 usqae

54 2580 101 2636 od
114 2577 264 2655 gloriabor
276 2577 308 2634 in
322 2577 546 2635 infirmitatibus
559 2578 640 2649 meis,
654 2585 689 2636 ut
702 2579 849 2636 inhabitet
862 2580 896 2636 in
909 2598 956 2636 me
966 2580 1062 2637 virtus
1077 2579 1197 2637 Christi.

122 2657 258 2734 Eprstola
285 2658 428 2716 Libenter
454 2659 584 2716 suffertis
611 2658 724 2734 lapsum
750 2660 840 2717 Faria
866 2661 993 2718 sacaradc
1015 2681 1105 2736 usqua
1129 2659 1268 2717 Damasci

55 2741 242 2818 praepositus,
258 2747 284 2798 ct
299 2740 391 2798 Faria
403 2740 489 2798 tertio
505 2740 619 2815 reliqua
630 2760 714 2815 pars,
729 2740 833 2798 scilicet
855 2740 993 2799 Damasei
1010 2761 1099 2815 arsam
1113 2741 1153 2798 ad
1164 2744 1265 2815 finam.

56 2822 151 2880 Faria
164 2822 279 2896 quirun,
294 2830 328 2879 at
341 2822 376 2878 iu
388 2821 513 2879 maida
526 2820 622 2880 Faria.

125 2901 260 2960 Crudele.

122 2982 225 3041 Sciant
248 2988 350 3059 gentes
370 2983 509 3060 quoniam
529 3003 637 3041 nomen
651 2982 708 3040 tihi
733 2982 831 3040 Deus:
858 2989 892 3040 tu
913 2981 993 3040 solus
1006 2981 1167 3040 altissimus
1180 3000 1269 3059 super

57 3083 180 3122 omnem
194 3070 312 3122 terram.

67 3145 97 3205 V.
127 3145 211 3203 Deus
225 3164 316 3217 meus,
331 3164 406 3222 pone
419 3144 486 3203 illos
499 3153 536 3202 ut
549 3151 643 3203 rotam
656 3166 663 3203 :
685 3151 716 3202 et
729 3143 807 3202 sicut
820 3143 960 3220 stipulam
973 3150 1043 3203 ante
1056 3144 1160 3203 faciem
1174 3143 1267 3202 venti.

125 3226 258 3284 Tractus.

124 3307 328 3378 Commoristi,
343 3306 481 3378 Domine,
494 3313 613 3379 terram,
628 3312 658 3364 et
672 3306 855 3365 conturbasti
869 3325 941 3366 eam.

124 3387 204 3446 Sana
217 3387 410 3445 contritiones
423 3388 495 3463 ejus,
512 3389 582 3464 quia
595 3395 676 3444 mota
690 3394 741 3444 est

127 3469 175 3528 Ut
187 3467 306 3544 fugiant
318 3487 337 3524 a
349 3467 424 3526 facie
437 3486 529 3540 arcus,
545 3474 581 3525 ut
595 3468 760 3526 liberentur
773 3467 875 3526 dilecti
888 3467 943 3527 tui.

123 3548 294 3607 librandum
308 3548 419 3606 bucam
433 3548 511 3624 (viii.
528 3549 623 3625 4-15).

125 3630 165 3687 In
178 3629 232 3687 illo
246 3635 387 3705 tempore,
402 3629 478 3687 Cum
492 3630 580 3686 turba
593 3630 720 3705 plurima
733 3629 913 3701 conveniret,
928 3635 959 3686 et
971 3628 1008 3686 de
1022 3628 1193 3686 civitatibus
1206 3646 1271 3704 pro

69 3718 203 3786 parerent
217 3709 256 3768 ad
269 3709 291 3769 J
292 3728 383 3782 esum,
396 3709 475 3767 dixit
488 3729 541 3786 per
551 3709 774 3768 similitudinem
789 3730 795 3767 :
817 3710 902 3767 Exiit
915 3710 967 3787 qui
980 3710 1115 3783 seminat,
1126 3710 1271 3767 seminare

70 3810 164 3849 semen
177 3810 267 3849 suum
279 3810 370 3867 usque
383 3792 424 3849 ad
437 3798 468 3848 et
481 3791 610 3849 fructum
623 3791 751 3850 afferunt
764 3790 797 3848 in
810 3791 962 3867 patientia

128 3871 324 3947 offertorium

127 3953 239 4011 Perfice
252 3971 368 4030 gressus
381 3972 460 4010 meos
474 3953 506 4009 in
520 3953 632 4011 semitis
646 3954 715 4025 tuis,
732 3959 767 4010 ut
786 3972 846 4009 non
860 3957 1035 4010 moveantur
1048 3952 1173 4028 vestigia
1185 3969 1251 4008 mea
1264 3971 1271 4008 :

78 4031 177 4092 inelina
186 4053 290 4092 aurem
300 4039 393 4107 tuam,
404 4040 434 4091 et
444 4035 551 4092 exaudi
564 4034 653 4091 verba
666 4053 749 4091 mea:
769 4033 894 4090 mirifica
907 4032 1119 4092 misericordias
1132 4041 1207 4104 tuas,
1219 4032 1272 4108 qui

80 4115 163 4173 salros
176 4115 248 4174 facis
259 4121 410 4192 sperantes
424 4115 456 4172 in
470 4123 509 4187 te,
525 4115 660 4173 Domine.

84 4192 106 4252 V.
130 4196 257 4268 Exaudi,
280 4197 416 4267 Domine,
435 4196 584 4272 justitiam
607 4215 720 4268 meam3
748 4195 870 4253 intende
894 4194 1126 4272 deprecationem
1154 4212 1250 4252 meam
1263 4213 1271 4250 t

80 4277 190 4336 auribus
203 4277 321 4355 percipe
334 4278 496 4336 orationem
511 4296 612 4334 meam.

85 4351 111 4413 V.
135 4358 256 4416 Custodi
269 4378 325 4431 me,
342 4358 480 4430 Domine,
495 4365 529 4415 ut
548 4357 691 4434 pupillam
713 4356 792 4416 oculi
799 4377 809 4431 ;
837 4358 892 4417 sub
906 4357 1012 4416 umbra
1024 4355 1138 4414 alarum
1152 4361 1273 4414 tuarum

77 4443 191 4517 protege
203 4459 268 4498 me:
290 4440 370 4517 eripe
383 4459 439 4512 me,
455 4440 590 4511 Domine,
606 4438 643 4495 ab
656 4438 756 4515 impio.
