2804 4920
461 312 605 380 Sabbata
621 320 699 400 post
718 311 857 378 Paecba.
1201 316 1264 379 149

176 478 364 557 Quapropter
372 479 462 558 liujus
475 481 507 538 iu
518 480 606 539 laude
619 481 739 558 pangite
752 485 855 558 gentes
868 499 936 538 cum
945 479 1063 558 populis
1072 480 1260 556 jubilamina,

175 561 274 637 Ipsius
287 580 391 619 cruore
403 581 485 620 sacro
499 562 657 640 redemptae
671 562 776 620 mortis
789 582 808 620 a
821 561 942 619 vinculo
954 562 1019 619 vita
1032 561 1156 635 reddita,

176 641 216 698 In
229 642 288 718 poli
303 643 390 714 aula;

175 723 239 781 Ubi
251 723 364 800 pariter
376 724 511 781 laetemur
524 743 640 801 semper
652 744 719 781 cum
733 723 871 780 omnibus
883 722 921 780 ad
934 722 1035 780 Patris
1048 723 1209 795 dexteram,

176 802 251 861 (lum
266 805 402 862 examine
415 824 551 882 supremo
561 806 656 881 judex
666 804 814 880 judicabit
827 810 934 862 cuncta
947 805 1060 864 saecula

176 883 320 942 Flammis
333 893 459 962 purgata

177 965 273 1024 Simul
286 976 426 1024 resonant
443 967 603 1043 redempta,
620 966 697 1024 Fiat.

110 1062 269 1137 Sequentia
282 1065 376 1122 euecti
389 1063 551 1140 Evaayelii
588 1065 755 1122 Secundam
769 1064 945 1121 Metellarum
964 1062 1083 1137 (mviii.
1104 1063 1216 1142 16-20).

113 1143 153 1200 In
167 1144 220 1200 illo
234 1151 378 1222 tempore,
388 1145 537 1203 Undecim
551 1145 688 1222 discipuli
701 1146 840 1203 abierunt
854 1145 887 1202 iu
901 1144 1064 1216 Galilaeam,
1081 1145 1112 1201 in
1126 1152 1258 1203 montem

51 1223 104 1280 ubi
118 1225 313 1283 constituerat
327 1226 387 1283 illis
400 1227 421 1284 J
423 1246 488 1284 esus
502 1247 592 1301 itaqae
605 1228 646 1284 aa
661 1227 702 1283 Et
715 1246 780 1285 ecce
796 1245 850 1304 ego
863 1226 1015 1284 vobiscum
1035 1245 1102 1283 sum
1121 1226 1259 1284 omnibus

52 1304 165 1377 diebus,
181 1325 275 1382 usque
288 1307 326 1365 ad
339 1308 623 1366 consummationem
636 1307 743 1365 saeculi.

114 1385 218 1444 eredo.

114 1467 310 1540 offertorium.

112 1547 183 1606 Erit
196 1550 279 1607 vobis
299 1549 347 1607 hic
361 1550 423 1607 dies
443 1550 628 1623 memorialia,
644 1550 789 1626 alleluya:
810 1556 841 1606 ct
854 1549 933 1607 diem
952 1549 1061 1607 festum
1075 1548 1259 1607 celebrabitis

54 1627 224 1687 sollemnem
244 1631 373 1688 Domino
386 1632 418 1687 iu
433 1632 586 1708 progenies
602 1638 714 1689 vestras
727 1652 734 1689 :
756 1631 925 1707 legitimum
940 1631 1155 1707 sempiternum
1170 1631 1257 1700 diem,

55 1710 189 1786 alleluya,
204 1711 340 1788 alleluya,
354 1711 490 1788 alleluya.

110 1791 234 1850 Secreta.

110 1872 246 1945 Hostias,
261 1893 437 1950 quaesumus,
452 1874 589 1947 Domine,
604 1874 736 1950 placatus
746 1893 879 1932 assume:
893 1892 967 1949 quas
980 1879 1011 1930 ct
1024 1892 1078 1949 pro
1088 1879 1259 1932 renatorum

54 1955 221 2029 expiatione
239 1951 351 2030 peccati
364 1955 531 2027 deferimus,
546 1964 576 2013 et
598 1975 651 2032 pro
671 1955 881 2034 acceleratione
901 1954 1023 2012 caelestia
1044 1955 1158 2012 auxilii.
1201 1954 1260 2012 Per

52 2032 218 2092 Dominum
231 2042 374 2093 nostrum.

113 2115 297 2174 Communia.

112 2195 192 2256 Data
208 2204 254 2255 est
272 2198 346 2254 mihi
366 2203 496 2274 potestas
513 2199 544 2255 in
563 2198 634 2256 caelo
652 2205 682 2256 et
703 2199 736 2254 iu
755 2204 844 2269 terra,
859 2197 1007 2273 alleluya:
1031 2204 1135 2255 euntes
1155 2197 1257 2255 docete

48 2296 155 2335 omnes
175 2285 287 2355 gentes,
308 2280 491 2355 baptizantes
515 2299 564 2336 eos
587 2280 620 2337 in
644 2281 764 2337 nomine
787 2279 895 2350 Patris,
917 2285 948 2336 et
972 2278 1051 2349 Filii,
1076 2285 1107 2336 et
1131 2278 1260 2356 Spiritus

47 2356 163 2429 Sancti,
177 2360 313 2435 alleluya,
328 2360 462 2436 alleluya.

114 2439 354 2498 Postcommuaio.
403 2490 406 2495 .

113 2520 246 2598 Respice,
275 2541 451 2598 quaesumus,
479 2522 617 2593 Domine,
651 2521 795 2599 populum
830 2528 925 2591 tuum,
954 2526 985 2578 et
1019 2541 1107 2598 quem
1141 2521 1259 2578 aeternis

40 2598 189 2736 {ignatus
203 2623 233 2660 cs
247 2602 390 2660 innovare
404 2605 560 2679 mysteriis,
574 2623 593 2660 a
613 2604 824 2681 temporalibus
845 2603 938 2679 culpis
952 2603 1111 2678 dignanter
1130 2602 1256 2659 absolve.

85 2701 114 2738 er
126 2682 298 2743 Dominum.

587 2814 732 2872 Saeuam.

116 2895 162 2951 Ad
175 2894 307 2954 Missam.
353 2895 492 2970 Officium.

115 2975 225 3034 Eduxit
247 2977 394 3034 Dominus
408 2978 550 3054 populum
563 2997 650 3034 auum
665 2978 697 3033 in
711 2976 918 3046 exsultatione,
933 2975 1080 3051 alleluya:
1100 2980 1132 3031 et
1150 2974 1257 3031 electos

45 3071 122 3112 suos
135 3058 165 3113 iu
179 3058 293 3131 laetitia,
308 3058 444 3134 alleluya,
460 3059 595 3134 alleluya.

119 3138 257 3197 l’aalmus.

118 3218 303 3278 confitemini
317 3220 449 3294 Domini,
462 3226 493 3279 et
506 3221 642 3278 invocate
655 3239 764 3277 nomeu
778 3220 856 3296 ejus:
874 3218 1051 3276 annuntiate
1061 3218 1141 3283 inter
1153 3225 1256 3295 gentes

55 3311 142 3368 opera
154 3302 223 3376 ejus

121 3379 221 3440 Oratio.

119 3464 253 3535 Concede,
274 3483 450 3539 quesumus,
471 3464 657 3540 omnipotens
678 3464 768 3533 Deua,
783 3469 817 3519 ut
835 3463 887 3538 qui
907 3462 983 3519 festa
1001 3462 1154 3519 Paschalia
1168 3481 1255 3518 vene·

62 3540 146 3666 Γὸῐιάᾳ
165 3547 286 3621 egimus,
308 3565 361 3622 per
386 3546 447 3603 haec
469 3546 641 3621 contingere
661 3546 699 3602 ad
723 3544 831 3620 gaudia
851 3550 962 3601 aeterna
982 3563 1154 3600 mereamur.
1198 3541 1257 3599 Per

99 3635 222 3683 Ominum.

120 3702 204 3764 deuio
220 3707 357 3783 Epistola
370 3708 445 3765 beati
458 3707 541 3764 Part
554 3706 684 3782 Apostol'
697 3705 731 3781 (l
755 3707 785 3763 ii.
804 3706 899 3782 l-lO).
1287 3767 1288 3770 ,

122 3782 277 3846 Ouasiini:
293 3789 481 3865 Deponentes
492 3789 585 3864 igitur
595 3807 712 3844 omnem
727 3788 870 3845 malitiam
881 3794 912 3844 et
925 3808 1042 3845 omnem
1054 3786 1154 3843 dolum
1166 3805 1256 3860 usque

72 3857 106 3911 “d
116 3879 184 3926 nuuc
196 3876 297 3927 autem
312 3870 540 3927 misericordiam
554 3869 709 3927 consecuti.
770 3932 772 3937 ¹

75 4011 100 4070 in
111 3947 252 4082 eineluya
272 3951 300 4008 V.
345 3950 420 4008 Haec
433 3951 495 4008 dies
509 3970 598 4026 quam
613 3950 683 4006 fecit
696 3950 860 4007 Dominus:
882 3950 1063 4007 exsultemus
1077 3955 1108 4005 et
1121 3949 1256 4004 laetemur

124 4109 252 4188 Alleluya
272 4113 300 4171 V.
344 4113 485 4183 Laudato,
503 4113 593 4188 pueri,
611 4112 791 4169 Dominum:
813 4112 930 4168 laudate
946 4131 1052 4169 nomeu
1067 4109 1198 4167 Domini.

81 4172 103 4232 l'·
124 4184 162 4246 Sit
173 4212 278 4252 nomeu
292 4194 416 4252 Domini
429 4194 616 4251 benedictum
632 4213 670 4250 cx
685 4193 748 4264 hoc,
763 4213 850 4265 nunc,
865 4200 896 4251 et
909 4213 1002 4269 usquc
1016 4193 1045 4248 in
1061 4191 1207 4248 saeculum.

416 4303 507 4360 Mane
520 4302 616 4378 prima
638 4301 760 4358 Sabbati

458 4384 586 4454 Surgcns
601 4384 658 4439 Dei
680 4383 782 4451 Filius,

500 4465 611 4522 Nostra
624 4484 690 4540 spes
703 4471 734 4520 et
747 4463 853 4540 gloria,
