2804 4920
453 324 548 391 Dom.
571 333 694 412 apost
715 325 815 392 Pascl
847 379 853 392 .
1192 328 1256 397 157

111 488 279 549 Secundum
291 489 459 549 Jolrucmem
471 493 557 569 (cuii
575 493 692 570 11-26).

111 570 151 628 In
164 571 217 629 illo
230 579 370 649 tempore,
387 573 560 649 Respiciens
572 574 594 632 J
596 593 661 631 esus
674 574 832 652 discipulos
846 594 914 632 suos
927 575 1021 649 dixit3
1040 574 1131 633 Pater
1143 581 1254 650 sancte,

42 670 138 710 serra
149 671 240 728 moise
253 653 296 711 ad
307 673 360 730 per
372 654 498 712 verbum
511 674 614 712 eorum
627 655 661 712 in
673 674 729 712 me.

538 831 639 889 Fami
663 831 771 888 Sanni.

113 934 164 991 Ad
178 933 355 994 Coloe-semes
367 935 385 1014 (
385 937 405 994 i.
424 936 539 1014 12-18).

112 1015 231 1073 Gratias
251 1017 366 1094 agimus
386 1016 452 1075 Deo
472 1017 566 1091 Patri,
582 1017 635 1094 qui
655 1017 758 1095 dignos
777 1016 849 1075 fecit
869 1037 1030 1094 nasusque
1047 1019 1088 1078 ad
1108 1019 1171 1078 sive
1192 1040 1257 1098 quse

46 1096 82 1153 in
97 1096 185 1167 caelis,
201 1097 265 1155 sive
278 1117 343 1175 quae
357 1099 391 1155 in
404 1105 482 1156 terra
498 1106 576 1156 sunt.

111 1176 280 1236 Semurium
294 1178 459 1240 Jotanmm
472 1179 553 1257 (ciii.
571 1179 685 1257 33-36).

113 1258 151 1316 In
165 1259 218 1317 illo
233 1266 372 1337 tempore,
388 1260 477 1318 Dixit
491 1261 513 1319 J
515 1280 580 1318 esus
600 1259 752 1336 discipulis
765 1260 826 1318 suis
835 1279 844 1333 ;
866 1259 976 1333 Filioli,
992 1261 1088 1320 adhuc
1108 1263 1257 1321 modicum

48 1346 169 1416 tempus
181 1361 273 1416 usqua
285 1342 327 1399 od
339 1343 470 1418 sequeris
484 1349 583 1400 autem
597 1348 706 1419 postea

384 1512 543 1571 Dounuoa
564 1513 687 1583 Quirina
708 1529 780 1572 rosr
800 1513 934 1572 Psscna

113 1629 310 1688 Actiacam
356 1630 495 1705 Officium.

112 1711 227 1769 Vocem
236 1711 432 1788 jocunditatis
445 1713 632 1784 annuntiate,
643 1719 674 1769 et
687 1712 835 1783 audiatur,
850 1711 997 1788 alleluya:
1018 1714 1156 1771 nuntiate
1166 1734 1259 1793 usque

53 1792 89 1849 ed
98 1801 266 1850 extremum
273 1800 374 1850 terrie:
393 1793 546 1851 Liberavit
556 1794 704 1851 Dominus
713 1795 856 1871 populum
867 1814 962 1866 suum,
972 1794 1111 1872 alleluya,
1121 1795 1256 1874 alleluya

113 1873 262 1931 Psalmus.

110 1954 132 2012 J
134 1954 247 2012 ubilate
267 1954 333 2012 Deo
354 1955 449 2013 omnis
468 1961 556 2027 terra,
571 1955 718 2032 psalmum
732 1954 821 2013 dicite
835 1955 949 2013 nomini
963 1957 1035 2032 ejus,
1052 1957 1121 2014 dato
1134 1958 1257 2035 gloriam

53 2034 136 2092 laudi
149 2036 220 2111 ejus

117 2115 228 2175 Oratio.

115 2196 207 2269 Deus,
220 2217 238 2254 a
251 2215 311 2274 quo
320 2202 428 2255 cuncta
439 2197 518 2255 bona
530 2198 703 2274 procedunt,
714 2198 821 2275 largire
835 2198 1026 2275 supplicibus,
1039 2207 1074 2256 ut
1088 2201 1258 2278 cogitemus,

52 2286 86 2335 te
105 2279 279 2370 inspirante,
301 2297 366 2355 quae
386 2285 467 2336 recta
487 2286 566 2351 sunt,
583 2286 613 2335 et
633 2285 663 2336 te
683 2280 876 2356 gubernante,
891 2280 993 2337 eadem
1011 2281 1159 2340 faciamus.
1203 2282 1262 2340 Per

54 2357 229 2418 Dominum.

116 2439 213 2498 Lectio
226 2439 366 2517 Epistola
378 2440 453 2498 beati
466 2438 571 2499 Jocodi
583 2440 715 2516 Apostol'
731 2440 769 2516 (i.
788 2442 907 2517 22-27)

118 2521 270 2579 carissimi
281 2544 287 2581 :
310 2522 414 2579 Estote
427 2524 551 2580 factores
564 2522 656 2592 verbi,
667 2528 698 2579 et
707 2541 767 2578 non
779 2523 928 2579 auditores
941 2529 1061 2580 tantum
1074 2543 1165 2600 usque
1178 2525 1219 2583 ad
1231 2534 1262 2584 et

51 2600 280 2660 immaculatum
294 2623 325 2661 se
338 2604 484 2661 custodire
497 2604 535 2661 ab
549 2603 604 2660 hoc
617 2602 729 2660 saeculo.

118 2684 267 2760 Alleluya
319 2685 346 2743 l'.
377 2684 480 2761 Usque
500 2684 587 2741 modo
601 2704 662 2740 non
681 2682 799 2760 petistis
819 2683 977 2761 quicquam
991 2684 1023 2741 in
1037 2686 1157 2743 nomine
1177 2706 1261 2746 meo:

53 2763 158 2839 petite,
174 2771 205 2822 et
218 2765 374 2842 accipietis.

119 2845 268 2921 Alleluya
325 2847 354 2904 l'.
381 2845 519 2903 Christus
545 2865 700 2922 resurgens
725 2865 763 2903 ex
790 2846 915 2902 mortuis
938 2846 1002 2922 jam
1028 2867 1090 2904 non
1114 2847 1261 2908 moritur:

60 2941 137 2983 mors
148 2927 194 2984 illi
208 2927 290 2984 ultra
303 2946 364 2984 non
377 2927 586 2984 dominabitur.

120 3007 177 3065 Per
197 3008 414 3066 hebdomadaire.
456 3007 605 3082 Alleluya.
659 3005 688 3064 Γ.
721 3007 759 3065 In
782 3007 829 3065 die
850 3007 1072 3067 resurrectionis
1092 3028 1174 3082 meae,
1190 3010 1264 3069 dicit

61 3081 215 3161 Dominus,
229 3089 391 3166 praecedam
405 3109 457 3146 vos
470 3089 502 3145 in
518 3088 678 3146 Galilaeem

120 3169 282 3246 Sequentia
326 3170 466 3228 Victimoe
481 3169 617 3246 paschali.

121 3250 287 3309 &cundum
307 3250 473 3309 Jotanmm
493 3250 566 3327 (cui.
584 3249 702 3327 23-30)

122 3331 224 3391 In‘illo
241 3341 383 3410 tempore,
397 3332 487 3390 Dixit
499 3333 521 3391 J
522 3352 588 3390 esus
602 3331 752 3407 discipulis
766 3330 844 3404 suis;
865 3332 975 3405 Amen,
990 3352 1086 3408 amen,
1101 3333 1167 3393 dico
1179 3335 1264 3393 vobis

56 3420 150 3483 mque
161 3415 202 3471 od
216 3415 248 3471 in
261 3413 317 3472 hoc
331 3414 485 3485 credimus,
499 3413 572 3490 quia
585 3433 603 3470 a
617 3413 682 3470 Deo
697 3413 793 3469 existi

125 3493 224 3552 Credo.

127 3574 315 3649 offertorium.

126 3654 301 3730 Benedicite,
324 3663 433 3733 gentes,
458 3655 623 3714 Dominum
655 3654 753 3712 Deum
777 3660 922 3727 nostrum,
944 3664 975 3713 et
1003 3657 1142 3714 obaudite
1162 3677 1262 3717 vocem

51 3717 158 3793 landis
169 3739 232 3815 ejus
244 3759 253 3812 3
274 3740 326 3816 qui
341 3737 440 3814 posuit
453 3737 582 3795 animam
596 3757 691 3794 meam
705 3736 741 3793 cd
757 3737 859 3807 vitam,
874 3744 904 3793 et
918 3757 977 3794 non
991 3737 1074 3795 dedit
1087 3741 1265 3797 commoveri

50 3812 149 3874 Pedes
163 3839 256 3877 meos:
278 3819 450 3877 benedictus
464 3818 619 3888 Dominus,
640 3819 692 3893 qui
710 3837 770 3874 non
788 3818 901 3874 amovit
919 3818 1154 3894 deprecationem
1169 3840 1264 3877 menni

51 3888 84 3939 εὖ
104 3899 336 3958 misericordium
350 3920 433 3956 suam
446 3920 465 3957 a
478 3920 534 3971 mc,
549 3899 685 3975 alleluya

128 3978 240 4041 Secreta

130 4059 252 4139 Suscipe,
266 4081 442 4140 quaesumus,
458 4060 595 4132 Domine,
610 4060 742 4117 fidelium
763 4080 862 4137 preces
883 4080 949 4117 cum
964 4061 1164 4119 oblationibus
1177 4063 1266 4120 hosti-

50 4138 157 4211 arum,
171 4152 205 4201 ut
217 4163 271 4220 per
283 4143 346 4201 haec
359 4144 416 4220 piae
430 4142 595 4200 devotionis
610 4142 703 4199 officia
717 4141 754 4198 ad
775 4141 920 4199 caelestcm
934 4141 1057 4218 gloriam
1071 4148 1263 4203 transeamus.

53 4198 129 4274 Pe„
146 4223 313 4283 Dominum

131 4301 305 4365 Communia

68 4445 78 4457 ,
130 4383 248 4446 Centetc
270 4387 410 4458 Domino,
433 4386 582 4462 alleluya:
613 4391 731 4443 cantate
756 4384 895 4453 Domino,
916 4390 947 4442 et
969 4386 1135 4445 benedicite
1158 4407 1267 4449 nomen

53 4460 141 4536 ΨΜ,
153 4465 224 4528 bene
236 4468 375 4527 nuntiate
389 4468 425 4527 de
439 4467 486 4527 die
500 4469 532 4525 in
545 4467 624 4525 diem
638 4467 765 4526 salutare
779 4467 851 4544 ejus,
866 4466 1000 4543 alleluya,
1016 4467 1152 4546 alleluya
