2804 4920
441 366 621 454 'Suffropie
642 367 851 436 communia.
1184 370 1247 440 447

114 531 262 591 Psalmree.

113 613 212 683 Quam
235 615 344 672 dilecta
372 615 562 674 tabernacula
585 622 647 690 trra,
670 615 798 675 Domine
817 617 979 675 virtutum:
1014 616 1193 696 concupiscit
1219 624 1250 676 et

72 692 154 753 eficit
167 696 267 753 anima
280 714 344 753 mea
357 694 390 753 in
403 695 480 753 atria
490 696 621 755 Domini.

114 774 225 835 Oratio.

115 856 298 930 Quaesumus,
313 857 497 935 omnipotens
511 858 601 932 Deus,
615 864 651 916 ut
665 858 793 917 famulus
806 864 877 917 tuus
889 878 943 917 rex
955 866 1056 918 noster
1066 860 1117 934 N,
1131 861 1184 938 qui
1197 867 1250 919 tua

72 936 240 996 riseratione
248 939 375 1015 suscepit
388 940 472 1017 regni
485 940 689 1016 gubernacula,
702 942 848 998 virtutum
862 941 953 998 etiam
966 944 1099 999 omnium
1109 942 1251 1019 percipiat

72 1026 251 1090 noromenta5
277 1021 384 1096 quibus
403 1021 541 1078 decenter
561 1028 692 1093 ornatus,
714 1028 745 1079 et
768 1022 907 1091 vitiorum
928 1023 1098 1098 voraginem
1119 1024 1251 1082 devitare

72 1104 87 1153 t
102 1099 200 1158 hostes
216 1120 354 1176 superare
371 1109 401 1160 et
419 1102 457 1158 ad
474 1109 505 1160 te
522 1103 575 1179 qui
592 1103 649 1174 via,
663 1102 782 1174 veritae,
800 1110 831 1161 et
851 1103 915 1160 vita
932 1121 971 1174 es,
986 1104 1132 1178 gratiosus
1153 1106 1250 1164 voleat

72 1181 216 1238 ervenire.
259 1180 317 1238 Per
331 1181 501 1241 Dominum.

114 1261 209 1320 Lectio
222 1262 360 1338 Epistolae
369 1265 464 1321 carecti
476 1264 559 1323 Petri
572 1263 702 1340 Apostoli
714 1264 748 1340 (1
765 1264 796 1321 ii.
815 1264 929 1341 11-19)

72 1418 86 1475 3
114 1341 278 1400 carissimi:
293 1344 420 1402 Obsecro
438 1363 491 1402 vos
504 1365 594 1420 caque
607 1346 648 1403 ad
661 1344 722 1403 haec
736 1351 781 1402 est
794 1345 874 1402 enim
886 1345 984 1422 gratia
995 1346 1029 1404 in
1043 1346 1162 1405 Christo
1175 1349 1197 1407 J
1199 1368 1250 1407 esu

87 1423 183 1483 omino
197 1430 305 1482 nostro.

115 1503 249 1563 Grodole.
292 1506 425 1582 Adjutor
437 1526 520 1565 meus
533 1511 603 1580 esto,
620 1505 756 1579 Domine,
772 1526 810 1563 ne
823 1507 994 1566 tardaveris.

72 1580 89 1640 ⁷.
111 1583 338 1645 confundentur
347 1594 378 1645 et
388 1595 578 1646 revereantur
587 1588 700 1645 inimici
714 1589 780 1659 mei,
794 1589 845 1665 qui
855 1597 993 1664 quaernnt
1003 1591 1133 1649 animam
1144 1612 1247 1650 meam.

110 1664 260 1742 Alleluya
319 1668 348 1727 V.
381 1669 518 1741 Domine,
547 1669 579 1727 in
606 1671 719 1727 virtute
746 1674 800 1727 tua
825 1670 975 1729 laetabitur
1001 1691 1073 1745 rex;
1106 1680 1137 1730 et
1164 1694 1251 1750 super

72 1742 179 1806 tlutare
193 1754 279 1806 tuum
292 1750 456 1808 exsultabit
468 1751 665 1811 vehementer.

111 1829 312 1905 annpelium.
355 1832 522 1890 Securutum
535 1832 710 1889 Mottlueum
724 1830 811 1908 (cxii.
831 1832 945 1911 15-21).

113 1910 151 1968 In
164 1912 217 1968 illo
228 1919 366 1990 tempore,
382 1914 538 1972 Abeuntes
552 1913 694 1971 Pharisrei
710 1933 800 1989 araqure
813 1915 898 1970 adet
912 1933 977 1991 quae
988 1920 1058 1972 aunt
1072 1914 1138 1989 Dei,
1155 1917 1227 1976 Deo.

113 1991 308 2066 offertorium.

111 2072 235 2132 Custodi
256 2095 311 2146 me,
329 2075 475 2134 Domine:
496 2075 533 2134 de
552 2095 643 2134 manu
657 2076 834 2152 peccatoris:
855 2083 885 2134 et
898 2076 937 2134 ab
956 2076 1125 2136 hominibus
1138 2079 1250 2157 iniquis

72 2151 133 2231 ’ipe
145 2175 203 2226 me,
217 2156 353 2214 Domine.

111 2237 232 2294 Secreto.

112 2317 248 2387 Munera,
264 2338 439 2394 quaesumus,
456 2318 593 2391 Domine,
609 2318 709 2376 oblata
721 2320 886 2392 sanctifica;
906 2327 941 2378 ut
955 2328 986 2378 ot
998 2322 1084 2380 nobis
1093 2321 1252 2402 Unigeniti

72 2396 97 2453 ri
112 2418 215 2477 corpus
229 2406 260 2456 et
277 2403 396 2477 sanguis
409 2401 492 2471 fiant,
508 2406 538 2457 et
551 2399 662 2458 famulo
680 2407 732 2457 tuo
746 2400 785 2457 N.
802 2402 864 2477 regi
877 2408 987 2474 nostro,
1003 2404 1041 2460 ad
1059 2405 1250 2465 obtinendam

72 2478 156 2537 rima
178 2481 364 2558 corporisque
384 2481 509 2539 salutem
532 2482 621 2539 etad
644 2480 841 2558 peragendum
865 2481 1032 2558 injunctum
1060 2486 1197 2561 officium,
1221 2495 1251 2547 tc

72 2562 203 2638 rgiente,
217 2582 309 2639 usque
323 2582 439 2639 quoque
452 2563 615 2640 proficiant.
659 2563 717 2620 Per
730 2562 863 2621 eundem.

113 2642 294 2701 Communia.

111 2723 293 2782 Laetabimur
306 2724 338 2781 in
352 2724 476 2783 salutari
489 2733 550 2799 tuo,
567 2731 597 2783 ct
611 2725 644 2782 in
661 2724 779 2783 nomine
794 2726 851 2782 Dei
864 2726 960 2782 nostri
973 2727 1234 2802 magnificabimur.

111 2804 351 2864 Poetcommunio.

113 2885 195 2959 Haec,
211 2886 346 2959 Domine,
362 2886 500 2944 salutaris
520 2887 694 2945 sacramenti
714 2887 862 2963 perceptio
882 2886 1027 2945 famulum
1048 2893 1136 2946 tuum
1152 2910 1249 2968 rogem

72 2972 184 3024 >strum
198 2967 238 3024 N.
254 2968 291 3025 ab
305 2969 451 3041 omnibus,
465 2988 641 3044 quaesumus,
655 2974 776 3025 tueatur
788 2969 927 3038 adversis,
939 2969 1079 3044 quatinus
1092 2978 1123 3027 et
1136 2972 1249 3031 ecclesi-

72 3047 147 3105 ticae
161 3049 240 3125 pecie
254 3049 387 3107 obtineat
399 3049 656 3126 tranquillitatem,
668 3055 699 3106 et
711 3057 778 3125 post
791 3049 878 3105 istius
892 3049 1033 3125 temporis
1046 3051 1201 3110 decureum
1211 3055 1248 3112 ad

72 3128 191 3187 bernam
205 3131 358 3207 perveniat
370 3130 572 3188 hereditatem.
615 3130 674 3188 Per
687 3129 849 3188 Dominum
864 3135 1004 3188 nostrum.

352 3279 452 3337 M1ssa
473 3295 592 3338 course
612 3279 753 3336 Monsnn
775 3278 938 3337 Oenoouu.

113 3391 176 3449 Iloc
188 3399 229 3449 eet
243 3390 411 3450 cmeeilimn:
425 3389 588 3468 Gonfapiat
600 3390 736 3464 infirmae
749 3388 791 3446 ed
799 3388 989 3462 Sacerdotem,
1000 3399 1026 3448 et
1039 3397 1211 3470 confiteatur
1224 3394 1251 3451 ei

72 3473 151 3529 nnio
158 3481 277 3547 peccata
286 3492 348 3530 aaa.
392 3472 506 3532 Deinde
520 3472 599 3530 dicat
611 3470 750 3528 Sacerdos
762 3470 922 3546 apostolum
935 3492 1021 3548 saper
1034 3484 1123 3550 caput
1135 3474 1250 3548 insterni

72 3548 93 3604 [ἶ
114 3553 288 3629 Quicunque
312 3554 378 3611 vult
399 3555 498 3613 salvus
525 3573 603 3626 esse;
634 3562 660 3611 et
676 3561 777 3629 posteo
800 3551 926 3611 obsoleat
940 3574 1006 3613 eum
1028 3555 1193 3630 injuupene,
1215 3561 1249 3611 at

72 3635 185 3693 netem
197 3635 370 3693 diebusvitae
378 3655 439 3693 auae
449 3638 529 3694 <licat
542 3636 632 3694 decies
642 3634 801 3692 orationem
810 3634 997 3693 Dominioam
1006 3644 1033 3692 et
1042 3634 1248 3693 calutatimacm

72 3716 220 3790 melicum,
234 3716 340 3775 aestuet
352 3717 421 3773 Ave
435 3716 542 3788 Maria,
557 3726 583 3774 et
597 3715 691 3775 Oredo
708 3716 739 3774 in
755 3716 860 3774 Deum.
904 3716 1017 3773 Deinde
1029 3714 1131 3772 lrabeat
1144 3725 1248 3791 septem

72 3797 185 3855 andelao
197 3797 242 3855 vel
254 3817 352 3868 cereos,
365 3805 420 3854 trea
433 3796 468 3853 αα
481 3817 574 3855 manu
583 3818 639 3855 oua
652 3798 769 3856 dextero
782 3806 808 3856 et
817 3805 956 3873 quattuor
965 3796 1000 3852 in
1009 3815 1102 3853 manu
1115 3796 1247 3869 einmtro,

87 3878 240 3938 celebretur
253 3879 356 3936 Micca.

111 3959 252 4035 Officium.
296 3959 381 4017 Salus
394 3957 504 4035 populi,
516 3965 550 4014 ut
563 3976 662 4032 cupra.

110 4040 221 4113 Oratio,
247 4040 388 4116 epaon,
418 4037 555 4110 tractate,
583 4036 778 4112 Offertorium,
806 4045 831 4095 et
850 4035 1025 4096 Commutato
1042 4047 1077 4096 ut
1100 4059 1193 4117 erepra
1214 4042 1248 4099 ia

72 4117 145 4181 liaeo
153 4142 211 4199 pro
229 4121 369 4196 Infirmie.

108 4204 257 4279 Alleluya
304 4202 333 4260 V.
354 4200 412 4271 Qui
422 4205 508 4258 sanat
519 4199 661 4258 contritos
672 4198 767 4271 corde,
778 4205 810 4256 et
820 4198 924 4274 alliget
934 4199 1127 4259 contritiones
1135 4222 1245 4261 eorum.

108 4285 310 4360 Evonqclium.
353 4283 520 4340 Secundum
533 4282 653 4340 Lucani.

109 4368 148 4424 In
167 4367 219 4425 illo
232 4373 373 4442 tempore,
389 4362 578 4439 Respondens
595 4380 673 4419 unus
686 4360 722 4418 de
741 4360 831 4418 turba
842 4359 922 4418 dixit
936 4359 974 4419 ad
990 4359 1103 4420 Jesom.
1147 4362 1248 4436 Quoere

72 4466 99 4504 oe
109 4447 303 4522 Evanpetium
315 4446 350 4502 ire
362 4453 471 4520 quarte
483 4444 513 4502 F
511 4444 573 4502 eric
588 4447 734 4515 Quattuor
748 4441 921 4518 Temperiem
930 4441 965 4500 in
974 4448 1068 4501 menae
1081 4444 1247 4521 Septembri,

72 4528 138 4589 tleoe
152 4527 345 4604 Eneapelium
359 4526 473 4604 ὡραίαν
484 4545 570 4602 mper
583 4532 670 4602 caput
682 4522 806 4599 infirmi,
820 4532 846 4582 et
859 4523 1002 4584 osculetur
1013 4525 1127 4586 librent
