2806 4920
543 326 640 392 Festo
653 326 682 392 J
683 325 759 391 tilii.

116 493 301 552 Garamante.
346 493 523 570 Quicunque
536 494 647 552 fecerit.

114 573 361 633 Peatcommeaio.

114 655 301 726 Quaesumus,
320 656 506 732 omnipotens
524 656 668 727 Danant
689 653 1071 714 intercedentibus'sanctis
1085 657 1155 729 tuis,
1178 657 1259 714 illius

45 737 193 876 {alutaris
207 737 357 814 capiamus
370 736 517 810 effectum,
532 738 616 813 cujus
639 756 692 813 per
714 737 776 794 hoec
794 738 937 813 mysteria
958 738 1065 815 pignus
1087 738 1258 815 accepimus.

77 838 119 875 er.

243 1001 354 1059 Sanam
376 1001 479 1073 Onrrr,
502 1019 586 1059 rann
607 1019 644 1059 nr
664 1019 826 1060 uinrsnrs.
872 1003 922 1077 (ir.
939 1003 985 1062 Id.
1000 1005 1078 1082 Jul.)

117 1138 262 1215 Officium.
306 1140 477 1199 Sacerdotes
491 1140 556 1199 Dei.

118 1222 232 1281 Oratio.

115 1303 210 1373 Deus,
225 1302 344 1379 quinos
364 1302 443 1360 beati
466 1302 544 1360 cleti
564 1302 737 1361 confessoris
758 1304 805 1360 tui
826 1311 915 1380 atque
938 1306 1085 1382 pontilicis
1104 1307 1218 1364 meritis
1231 1315 1265 1364 et

51 1384 267 1442 intercessione
279 1384 428 1455 laetificas;
446 1384 570 1441 concede
584 1385 739 1461 propitius,
754 1391 790 1442 ut
802 1386 856 1461 qui
870 1386 933 1462 ejus
948 1386 1089 1444 beneficia
1104 1387 1259 1462 poscimus,

52 1464 136 1523 dono
150 1471 211 1522 tuae
224 1466 327 1540 gratiae
341 1484 563 1540 consequamur.
607 1465 673 1523 Per.

117 1545 261 1621 Epistola
303 1544 408 1603 Omnis
422 1544 565 1621 pontifex,
581 1546 614 1602 ia
629 1545 787 1604 Communi
800 1546 892 1604 etaiam
904 1547 1045 1624 rnartyrdr
1055 1549 1209 1624 pontificia.

119 1625 256 1685 Gradale.
298 1627 423 1684 Juravit
437 1626 591 1683 Dominus.

60 1707 91 1766 V.
115 1707 209 1765 Dixit
222 1707 376 1764 Dominus.

117 1788 267 1864 Alleluya
318 1787 347 1845 V.
372 1788 434 1845 Ista
449 1794 576 1845 sanctus.

118 1867 340 1944 harmodium*
381 1869 481 1926 Homo
495 1869 615 1944 quidam
630 1869 743 1926 nobilis.

121 1949 313 2024 Offerton'mu.
358 1949 462 2006 Gloria
474 1958 504 2007 et
518 1951 636 2008 honore.

119 2031 243 2090 Secreta.

119 2111 256 2183 Munera,
273 2110 410 2180 Domine,
425 2112 525 2169 oblata
548 2112 706 2183 sanctifico,
722 2119 754 2169 et
775 2112 977 2171 intercedente
993 2113 1080 2172 beato
1100 2116 1263 2173 confessore

55 2201 111 2331 tlpo
126 2192 213 2251 Cleto
226 2200 315 2269 atque
328 2192 475 2269 pontifice,
490 2211 544 2251 nos
568 2213 620 2270 per
642 2192 704 2250 hac
727 2213 745 2250 a
767 2200 956 2270 peccatorum
980 2196 1102 2253 maculis
1127 2199 1260 2255 emunda.

86 2293 127 2333 er.

48 2385 52 2392 ¹
122 2354 301 2416 Garamante.
345 2353 431 2423 Quod
445 2354 615 2412 diceretis.

119 2435 364 2495 Poeteommuaio.

122 2516 666 2594 Supplicesterogamus‚omnipotens
676 2517 808 2588 Deus,ut
816 2537 890 2594 quos
898 2518 960 2575 tuis
968 2519 1263 2593 reficissacramontis,

57 2597 264 2658 intercedente
279 2597 364 2655 beato
379 2597 463 2655 Oleto
477 2598 638 2654 confessore
653 2606 704 2655 tuo
715 2604 804 2674 atque
818 2600 965 2675 pontifico,
976 2600 1032 2657 tibi
1047 2601 1136 2659 etiam
1151 2603 1266 2677 placitis

56 2679 192 2739 moribus
206 2679 364 2756 dignanter
377 2678 490 2736 tribuas
504 2677 657 2738 deservire.
701 2678 766 2736 Per.

186 2913 299 2970 Siren
320 2909 481 2979 Knurnnr,
503 2925 589 2966 anais
611 2926 648 2966 sn
669 2925 828 2967 naariam.
873 2909 946 2986 (xvi
965 2910 1033 2969 Kal.
1050 2912 1143 2987 Aug.)

130 3050 272 3128 Officium
316 3047 490 3106 Laetabitur.

124 3132 236 3191 Oratio.

123 3213 321 3289 Omnipotens
329 3215 359 3268 et
368 3208 686 3286 misericorsDeus,qui
694 3208 779 3266 nobis
787 3208 957 3285 praeclaram
965 3209 1054 3284 hujus
1063 3210 1122 3267 diei
1131 3211 1266 3270 lentitiam

61 3315 115 3373 pro
128 3295 211 3352 beati
230 3291 371 3349 Kenelmi
395 3291 535 3366 martyris
557 3291 603 3347 tui
624 3290 822 3347 sollemnitate
843 3290 985 3362 tribuisti,
1006 3292 1128 3349 intende
1148 3313 1268 3350 serenus

60 3384 133 3434 vota
146 3373 249 3451 populi
262 3372 309 3430 tui
330 3372 433 3442 fidelis,
447 3379 478 3429 et
496 3371 627 3439 concede,
641 3377 678 3429 ut
696 3372 779 3445 cujus
797 3371 871 3429 festa
885 3371 1064 3430 celebramus
1078 3374 1141 3448 ejus
1155 3375 1269 3433 meritis

60 3475 178 3533 semper
194 3461 225 3512 et
237 3453 373 3531 precibus
386 3453 581 3510 sublevemur.
624 3452 690 3509 Per.

124 3535 268 3613 Epistola.
312 3535 423 3592 Beatus
437 3535 491 3605 vir,
507 3534 559 3609 qui
572 3532 720 3590 inventus.

125 3615 262 3676 Gradele.
305 3616 417 3673 Beatus
430 3615 485 3684 vir,
500 3615 552 3690 qui
566 3614 658 3671 timet.

124 3698 275 3773 Alleluya
324 3696 353 3754 l'.
375 3696 483 3755 Justus
496 3703 532 3753 ut
545 3695 649 3772 palma.

124 3777 329 3854 Evanpeliaru.
372 3776 459 3835 Nihil
473 3783 615 3852 opertum.

127 3859 321 3940 Offertorium.
366 3857 560 3916 Desiderium.

124 3941 247 4000 Secreta.

126 4021 338 4091 Praesentibus,
367 4019 505 4090 Domino,
533 4018 654 4077 intende
684 4017 865 4089 muneribus,
893 4025 923 4076 et
950 4017 1155 4094 patrocinante
1182 4020 1270 4078 brute

63 4104 216 4164 Kenelmo
229 4110 360 4177 martyre
383 4107 445 4173 tuo,
464 4102 548 4177 eujus
566 4100 720 4158 sollemnia
741 4100 906 4157 veneranda
924 4118 1114 4169 recensemus,
1135 4099 1271 4158 fidelibus

61 4185 171 4246 salutis
197 4182 414 4261 indulgentiam
441 4182 603 4253 conferant,
639 4187 670 4238 et
695 4180 870 4239 aternitatis
902 4180 1023 4257 praemia
1049 4179 1206 4257 dignantm
1228 4203 1271 4241 ac·

62 4268 196 4345 (linirent
240 4263 306 4322 Per.

128 4344 312 4408 Conimaaio.
356 4344 494 4418 Posuisti,
511 4344 647 4402 Domine.

506 4481 518 4505 '
535 4479 744 4530 llS.-Circuibat
755 4479 834 4525 lesus.
