2804 4920
211 254 354 322 metato
378 253 546 338 Quattuor
568 253 770 342 Temperiem
793 253 1075 342 Qnedreqeaimoe.
1204 261 1244 323 51

101 423 233 482 Tractus,

100 504 238 577 Domine,
254 523 315 562 uon
328 502 498 575 secundum,
513 512 548 560 nt
560 523 660 579 repre

99 584 269 643 Semurium
282 584 448 646 Iohannem
468 586 510 660 (v.
529 585 622 663 1-15).

101 666 140 722 In
154 666 206 724 illo
220 672 363 743 tempore,
377 666 452 723 Erat
465 665 527 722 dies
540 666 634 723 festus
647 665 669 723 J
672 665 832 738 udaeorum,
846 671 877 723 et
890 665 1023 724 ascendit
1035 666 1057 725 J
1058 686 1123 724 esus
1137 666 1245 726 Hiero-

72 746 184 822 lymam
197 768 288 823 noque
302 749 343 804 ad
356 747 446 805 Abiit
458 746 508 804 ille
522 747 619 820 homo,
635 753 666 804 ct
679 746 833 804 nuntiavit
845 747 867 807 J
869 747 960 805 udoeis
973 749 1044 824 quia
1057 747 1079 806 J
1080 768 1147 806 esus
1161 754 1244 821 esset,

72 829 95 885 ri
107 829 180 886 fecit
192 847 260 886 eum
274 847 387 886 sanum.

104 923 296 997 Offertoriune

102 1005 233 1064 Benedic
253 1006 353 1064 anima
372 1024 438 1063 mea
459 1005 597 1077 Domino,
620 1011 650 1063 et
670 1004 733 1063 noli
756 1004 890 1063 oblivisci
913 1024 1015 1065 omnes
1039 1006 1248 1065 retributiones

72 1106 122 1144 us:
143 1094 174 1145 et
187 1087 379 1145 renovabitur
392 1087 468 1143 sicut
482 1085 588 1163 aquilae
598 1086 741 1162 juventus
754 1093 815 1144 tua.

102 1182 224 1241 Secreta.

103 1264 233 1341 suscipe,
249 1264 386 1336 Domine,
402 1282 578 1340 quaesumus,
593 1282 717 1322 munera
735 1265 845 1324 nostris
865 1264 965 1324 oblata
984 1265 1112 1323 servitiis
1120 1285 1130 1338 ;
1150 1271 1182 1324 et
1194 1273 1249 1325 tua

72 1345 190 1421 opitius
205 1346 282 1403 dona
294 1344 453 1403 sanctifica„
496 1344 556 1403 Per
569 1345 741 1403 Dominum.

101 1425 287 1487 Communia

102 1507 289 1566 Erubescant
301 1513 333 1566 et
346 1507 570 1582 conturbentur,
580 1526 681 1565 omnes
691 1507 806 1565 inimici
816 1508 888 1566 mei:
902 1514 1078 1567 avertantur
1086 1513 1248 1567 retrorsum

72 1589 261 1647 erubescant
274 1589 360 1647 valde
373 1589 520 1647 velociter.

103 1670 346 1728 Posteommnnio.

104 1750 164 1809 Per
184 1752 282 1827 hujus,
297 1751 434 1822 Domine,
450 1750 652 1827 operationem
672 1751 806 1826 mysterii
827 1757 858 1808 et
871 1751 947 1809 vitia
967 1758 1070 1809 nostra
1086 1758 1252 1830 purgentur

72 1832 169 1908 rjusta
182 1832 327 1890 desideria
340 1831 551 1909 compleantur.
595 1831 654 1887 Per
668 1831 840 1889 Dominum

106 1915 202 1988 Super
218 1912 371 1989 populeae.

107 1994 224 2052 Exaudi
239 2013 302 2066 nos,
316 1992 481 2051 misericors
495 1993 585 2066 Deus,
601 2000 632 2050 et
648 1993 798 2051 mentibus
817 1995 927 2051 nostris
946 1994 1050 2072 gratiae
1069 1999 1130 2052 tuae
1150 1994 1252 2052 lumen

72 2075 176 2133 stende.
221 2074 282 2132 Per
294 2075 466 2132 Dominum.

382 2254 522 2313 Sensuro
544 2254 713 2324 Quirinos
734 2253 918 2312 Taurorum.

111 2337 251 2413 Officium.

110 2419 209 2476 intret
223 2417 318 2476 oratio
331 2437 396 2475 mea
409 2416 443 2473 in
456 2423 613 2492 conspectu
628 2422 700 2473 tuo:
724 2415 835 2473 inclina
854 2435 957 2474 aurem
978 2422 1062 2475 tuam
1080 2417 1117 2474 ad
1138 2435 1254 2495 precem

87 2518 153 2571 eam,
168 2499 305 2558 Domine.

112 2581 256 2639 Pndrnuo.

112 2662 239 2720 Domine
254 2661 336 2719 Deus
349 2658 453 2718 salutis
466 2679 538 2717 mere
551 2680 558 2717 :
580 2659 612 2715 in
626 2658 673 2715 die
688 2657 814 2715 clamavi
826 2664 857 2715 et
871 2665 958 2716 nocte
972 2678 1070 2717 coram
1084 2664 1121 2716 te.

114 2760 216 2818 Omnes
236 2757 387 2816 Orationes
405 2758 466 2815 anre
488 2757 634 2813 Dominus
653 2755 803 2812 vobiscum
822 2755 970 2827 dicantar,
991 2765 1098 2831 proeter
1118 2755 1255 2813 altiorum

108 2851 166 2899 rest
179 2849 248 2898 onte
260 2838 441 2915 Epistolmn:
461 2847 487 2895 et
501 2839 541 2894 ad
554 2857 650 2894 oneres
666 2836 818 2894 Orationes
830 2836 949 2894 dicetur
969 2836 1094 2895 Oremus
1114 2835 1255 2906 similiter,

114 2923 131 2979 d
143 2943 240 2980 earnes
255 2920 407 2978 Orationes
420 2919 536 2976 dicatur
550 2918 574 2974 F
575 2918 716 2974 lactamus
729 2936 833 2993 genua„

118 3005 260 3161 (iiiiiium
282 3088 376 3153 tuum,
393 3099 569 3158 quaesumus,
585 3079 722 3151 Domine,
737 3079 884 3155 propitius
904 3079 1014 3156 respice
1024 3100 1033 3152 3
1054 3086 1144 3156 atque
1163 3079 1202 3138 ab
1222 3098 1257 3137 co

128 3167 166 3223 liu
180 3174 239 3222 tuae
254 3162 413 3220 iracundiae
427 3162 585 3220 clementer
598 3168 707 3218 averte.
751 3159 810 3217 Per
823 3161 994 3219 Dominum

134 3264 208 3321 'ectio
223 3262 291 3320 libri
305 3259 523 3318 Denterorzomii
542 3257 635 3333 (exeri.
654 3258 767 3334 15-19).

140 3365 153 3401 r
173 3345 277 3401 diebus
297 3342 364 3408 illis,
380 3342 510 3398 Locutus
530 3347 575 3396 est
597 3339 715 3414 Moyses
735 3339 772 3396 ad
788 3339 960 3411 Dominum,
983 3340 1100 3398 dicens:
1123 3339 1256 3415 Respice,

147 3446 189 3495 nc,
205 3424 242 3480 de
256 3423 423 3480 sanctuario
437 3430 489 3478 tuo
510 3441 600 3495 usque
615 3422 656 3477 ad
675 3430 710 3477 ut
731 3421 770 3477 sis
784 3419 911 3497 populus
928 3425 1048 3478 sanetus
1062 3421 1186 3478 Domini
1200 3420 1257 3478 Dei

151 3514 201 3563 cut
215 3506 332 3562 locutus
345 3509 391 3560 cst
404 3502 469 3558 tibi.

156 3588 249 3644 ariole.

161 3668 267 3745 ipitius
292 3671 363 3737 esto,
388 3663 526 3736 Domine,
548 3663 821 3740 peccatisnostris:
853 3663 1009 3741 nequando
1029 3663 1130 3721 dicant
1149 3671 1260 3741 gentos,

166 3748 422 3805 tDwsmmm

170 3833 235 3886 'uva
250 3848 312 3899 nos,
327 3827 408 3883 Deus
422 3826 560 3883 salutaris
573 3832 690 3884 noster:
717 3831 748 3884 ct
761 3832 883 3903 propter
902 3825 1044 3885 honorem
1064 3825 1192 3884 nominis
1204 3824 1260 3897 tui,

176 3932 191 3979 r,
208 3910 302 3967 libera
315 3929 376 3966 nos

182 4016 185 4043 ε
200 3999 346 4066 repedetur
361 3987 495 4047 Gradele.

187 4092 250 4129 nus.
290 4071 459 4128 Fleetamus
472 4090 575 4148 genua.

193 4175 227 4211 ro.

197 4234 263 4310 iqui
274 4254 328 4291 nos
339 4233 371 4291 in
383 4233 475 4291 tantis
489 4232 626 4309 periculis
636 4232 814 4290 constitutos
827 4252 881 4309 pro
894 4232 1024 4291 humane
1036 4232 1092 4290 scis
1101 4231 1263 4308 fragilitate

202 4337 222 4373 'e
245 4315 413 4385 subsistere,
438 4315 475 4370 de
498 4314 581 4370 nobis
603 4314 726 4370 salutem
749 4314 856 4371 mentis
876 4322 906 4372 ct
926 4314 1061 4387 eorporis,
1086 4323 1120 4371 ut
1143 4334 1177 4372 ea
1198 4332 1263 4391 quae
1330 4311 1333 4316 ’

209 4399 253 4454 ,tis
267 4396 378 4454 nostris
398 4396 529 4473 patimur
543 4402 572 4452 te
586 4395 745 4471 adjuvante
760 4396 919 4454 vincamus
963 4395 1022 4453 Per
1035 4395 1207 4456 Dominum.
