2804 4920
248 295 296 360 lo
319 294 441 361 Natali
463 294 574 359 ‘unius
601 296 803 380 Ooosessorie
825 305 854 362 et
876 296 1062 381 Pontificio.
1193 300 1260 377 385Ι

112 460 298 521 Commendo.

111 543 189 601 Dico
203 551 305 601 autem
319 543 405 601 vobis
417 543 520 602 amicis
540 543 630 601 meis:
652 563 689 601 ne
708 543 880 602 terreamini
900 545 938 601 ab
959 544 1006 602 his
1026 543 1142 621 quivos
1164 564 1255 621 perse

81 631 194 682 cuntur.

110 705 293 763 Communie.

111 785 281 844 Posuerrmt
307 786 446 844 mortalia
473 805 625 843 servorum
653 792 783 858 tuomm,
812 786 950 855 Domine,
976 806 1056 844 oscus
1083 787 1255 846 volatilibus

82 866 130 924 ili:
151 887 254 925 carnes
267 874 435 925 sanctorum
448 874 568 924 tuorum
591 867 693 924 bestiis
713 879 818 925 terroe:
839 868 1001 925 secundum
1018 868 1253 945 magnitudinem

82 947 163 1006 achil
177 950 222 1005 tui
237 949 353 1024 posside
365 948 442 1006 filios
455 955 551 1005 morte
564 949 744 1025 punitorum

109 1039 295 1100 Communia.

108 1122 224 1179 Anima
238 1129 339 1180 nostra
352 1122 430 1180 sieut
444 1141 543 1198 passer
555 1129 656 1197 erepto
670 1128 715 1178 est
729 1121 765 1178 de
780 1122 884 1197 laqueo
898 1122 1081 1180 venantium.

109 1201 294 1261 Communia

107 1284 219 1355 Amen,
239 1283 304 1341 dico
318 1283 412 1353 vobis,
428 1283 507 1359 quod
529 1283 583 1339 uni
600 1303 638 1339 ex
656 1283 788 1339 minimis
810 1283 883 1340 meis
901 1284 1019 1353 fecistis,
1036 1283 1109 1341 mihi
1124 1283 1252 1342 fecistis:

83 1365 158 1434 nite,
174 1365 322 1422 benedicti
343 1364 443 1421 Patris
463 1365 538 1423 mei:
560 1364 705 1440 possidete
727 1371 860 1440 polutum
877 1365 960 1422 vobis
975 1385 1098 1442 regnum
1111 1366 1150 1422 ab
1164 1365 1252 1423 initio

82 1446 153 1502 culi.

107 1525 291 1585 Oommuoio.

106 1607 195 1665 Beati
217 1607 329 1665 mundo
351 1608 446 1676 corde,
467 1608 608 1682 quoniam
628 1606 685 1683 ipsi
714 1606 813 1664 Deum
834 1606 998 1666 videbunt:
1026 1607 1106 1665 beati
1128 1607 1255 1683 pacifici,

82 1690 186 1745 ioniam
217 1689 272 1745 filii
303 1690 361 1746 Dei
389 1689 593 1746 vocabuntur:
627 1687 708 1745 beuti
742 1689 794 1764 qui
827 1689 1059 1764 persecutionem
1094 1689 1251 1764 patiuntur

83 1784 167 1845 opter
175 1770 336 1845 justitiam,
352 1770 492 1845 quonium
507 1770 638 1844 ipsorum
652 1775 697 1825 est
710 1786 835 1845 regnum
849 1769 996 1826 culorum.

107 1849 287 1909 Communia.

107 1931 169 2008 Ego
191 1951 243 1988 ros
264 1931 339 2008 elegi
359 1930 396 1988 de
417 1929 537 2002 mundo,
559 1938 594 1987 ut
614 1932 698 2002 eatis,
721 1937 752 1988 et
772 1932 904 1987 fructum
925 1931 1064 2001 afferatis,
1082 1938 1114 1988 et
1134 1931 1250 1989 fructus

82 2018 142 2069 ster
155 2018 284 2070 maneat.

108 2092 290 2152 Gommueio.

107 2173 197 2252 Signa
211 2194 260 2231 eos
274 2174 373 2250 quiin
387 2193 436 2230 me
449 2174 570 2230 credent
580 2174 642 2231 haec
651 2181 827 2251 sequentur:
849 2173 994 2230 ‹lanuonia
1004 2174 1029 2248 ej
1034 2173 1142 2245 icient;
1162 2193 1251 2251 super

82 2271 254 2327 grcsmanus
266 2255 431 2332 imponent,
446 2262 478 2311 et
488 2255 561 2312 benc
575 2254 735 2313 habebunt.

108 2334 286 2395 communio.

107 2416 190 2486 Quod
213 2418 280 2475 dico
301 2416 387 2472 vobis
410 2415 443 2473 in
467 2416 606 2485 tenebris,
631 2417 721 2474 dieite
745 2415 775 2473 in
797 2415 919 2484 lumine,
941 2416 1014 2474 dicit
1035 2417 1197 2475 Dominus:
1218 2424 1249 2474 et

83 2496 120 2554 rod
135 2499 166 2556 in
180 2518 253 2557 aure
267 2496 387 2569 auditis,
402 2496 559 2573 praedicate
572 2504 759 2574 supertecta.

106 2577 287 2638 Communia

104 2658 164 2737 Ego
181 2681 250 2719 sum
268 2659 341 2717 vitis
358 2678 430 2717 vera
447 2665 478 2716 et
495 2678 547 2715 vos
564 2658 710 2736 palmites,
724 2658 777 2734 qui
796 2665 897 2716 manet
914 2659 946 2715 in
966 2679 1013 2716 mo
1027 2667 1059 2716 ct
1077 2679 1130 2735 ogo
1149 2660 1179 2717 iu
1194 2680 1245 2716 eo:

82 2740 160 2799 tsert
174 2743 308 2799 fructum
323 2740 460 2811 multum,
475 2739 613 2816 alleluya,
627 2739 765 2816 alleluya.

106 2820 287 2881 Communis.

105 2902 279 2981 Quicunque
291 2902 396 2960 fecerit
408 2901 594 2959 voluntatem
609 2901 709 2959 Patris
726 2902 784 2959 mei
797 2902 849 2977 qui
863 2902 896 2958 in
909 2902 988 2959 coelis
1001 2909 1046 2959 est
1059 2923 1065 2958 :
1087 2902 1148 2978 ipse
1163 2921 1246 2959 meus

82 2985 132 3041 tter
143 2992 174 3043 et
187 3005 273 3043 soror
285 2991 316 3041 et
330 2992 426 3040 mater
438 2994 492 3054 est,
507 2983 581 3040 dicit
595 2983 751 3042 Dominus.

104 3064 343 3124 Pestcommunc'o.

105 3143 214 3205 Praesta
239 3146 334 3215 nobis,
360 3164 539 3221 quaesumus,
562 3144 700 3216 Domine,
721 3145 971 3202 intercedentibus
984 3145 1095 3202 sanctis
1116 3145 1186 3215 tuis,
1210 3154 1245 3201 ut

82 3238 110 3280 te
122 3248 169 3287 ore
183 3228 373 3305 contigimus,
389 3246 465 3303 pura
479 3233 578 3284 mente
592 3227 748 3302 cupiamus
793 3226 851 3284 Per
865 3226 1036 3284 Dominum.

244 3453 285 3512 Iu
306 3453 429 3513 Narem
451 3470 546 3511 usius
568 3450 775 3511 Cosrsssorus
796 3470 833 3511 nr
855 3453 1039 3511 Posrrrrcrs.

103 3560 260 3701 ggldiinei
277 3640 424 3698 Dominus
442 3647 654 3698 testamentum
672 3639 766 3717 pacis:
787 3649 818 3697 et
834 3641 996 3717 principem
1015 3643 1086 3698 fecit
1104 3662 1186 3700 eum:
1208 3646 1243 3700 ut

82 3719 134 3781 :illi
146 3722 305 3782 sacerdotii
317 3721 446 3797 dignitas
459 3722 492 3778 in
506 3728 657 3780 aeternum.

101 3813 243 3874 Petimus.
286 3813 505 3872 Misericordiae
519 3814 655 3872 Domini:
677 3814 708 3871 in
723 3820 866 3872 aeternum
881 3817 1013 3874 cantabo.

103 3904 240 3984 Officium.

101 3987 271 4050 Sacerdotes
283 3989 339 4059 tui,
356 3988 494 4056 Domine,
509 3987 675 4046 induantur
683 3988 842 4063 justitium,
855 3996 885 4047 et
899 3990 995 4048 sancti
1009 3992 1053 4048 tui
1069 3991 1238 4049 exsultent:

82 4077 154 4147 apter
167 4070 269 4130 David
283 4089 403 4128 servum
416 4076 502 4127 tuum
517 4088 577 4126 non
590 4080 709 4127 avertas
721 4070 826 4127 faciem
841 4070 952 4128 Christi
968 4072 1019 4129 tui

101 4162 244 4225 Psolmm.
287 4163 451 4233 Memento,
466 4161 604 4233 Domine,
620 4162 738 4220 David:
758 4171 790 4219 et
804 4163 900 4220 omnia
913 4165 1150 4223 mausuetudinis
1163 4166 1236 4242 ejus.

99 4255 267 4399 luffidrlites
291 4336 369 4408 Dei,
392 4335 558 4395 benedicite
590 4336 770 4395 Dominum:
806 4341 901 4397 sancti
928 4345 959 4397 et
986 4340 1112 4398 lmznilss
1139 4342 1244 4415 corde„

82 4416 153 4480 rute
166 4421 274 4505 Deum.

484 4516 527 4556 ss
