2804 4920
147 306 189 372 38
462 303 646 371 Domim'ca
666 303 710 369 ia
733 303 1030 391 Quiaqaoqeaimo.

206 470 328 530 Secreto.

206 552 349 611 Oblatum
368 551 434 622 tibi,
456 552 593 625 Domine,
612 551 787 611 sacrificium
806 551 937 612 vivificet
956 570 1011 610 nos
1028 569 1151 628 semper,
1171 555 1205 609 et
1221 549 1346 608 muniet.

148 634 206 692 Per
220 633 382 690 Dominum
396 638 539 692 nostrum.

209 713 392 773 Communia

207 795 343 853 Introibo
355 795 395 853 ad
407 794 500 853 altare
514 795 581 867 Dei,
595 795 633 853 ad
647 795 747 853 Deum
760 796 812 872 qni
826 794 956 853 latificat
964 794 1156 871 juventutem
1169 812 1279 852 meana

207 876 448 934 Poatoommrmio.

209 956 361 1033 Supplices
383 964 414 1014 te
435 975 579 1033 rogamus,
594 957 779 1033 omnipotens
801 956 891 1028 Deus,
906 963 942 1015 ut
964 976 1038 1033 quoa
1058 955 1120 1013 tuis
1142 954 1240 1013 reficis
1261 972 1351 1013 uera

148 1037 264 1107 mentis,
278 1037 335 1094 tibi
354 1037 444 1095 etiam
463 1037 579 1114 placitis
598 1038 730 1095 moribus
750 1037 907 1115 dignanter
926 1037 1072 1096 deservire
1092 1036 1244 1095 concedas.
1296 1034 1353 1093 Per

148 1117 319 1177 Dominum.

521 1318 524 1323 .
616 1267 715 1324 Fama
740 1267 877 1337 Quaere

207 1374 257 1433 Ad
272 1376 407 1434 Hebroeoe
419 1375 488 1452 (xii.
506 1376 581 1453 3-9)

208 1456 347 1515 Fratres:
368 1457 541 1531 Recogitate
554 1477 645 1532 aeque
658 1459 698 1515 aci
718 1464 749 1515 et
763 1457 904 1516 vivemus.

208 1538 376 1597 ›S'ecandam
389 1537 564 1595 ilottlaeam
581 1538 649 1613 (xii.
668 1539 782 1613 30-37).

208 1619 247 1676 In
261 1618 313 1675 illo
326 1625 463 1694 tempore,
476 1618 564 1675 Dixit
577 1618 598 1678 J
599 1638 665 1677 esus
679 1620 843 1677 Pharisaeis.
875 1619 935 1690 Qui
949 1638 1009 1676 non
1023 1623 1068 1678 est
1081 1637 1198 1677 mecum
1211 1638 1309 1697 traque
1317 1620 1357 1679 ad

148 1699 246 1757 verbis
261 1699 322 1756 tuis
335 1699 582 1758 condemnaben's.

630 1847 730 1906 Fama
754 1849 863 1906 Sarra

208 1960 258 2018 Aa
275 1960 409 2019 Hebroeoe
421 1960 490 2037 (xii.
509 1960 623 2039 11-17).

208 2042 348 2100 Fratres:
372 2042 477 2100 Omnis
490 2041 746 2118 disciplinamque
760 2042 801 2099 acl
814 2039 986 2117 reprobatus
1000 2046 1051 2098 est

207 2121 374 2181 Secundam
387 2124 498 2180 Laecam
515 2121 600 2198 (xvii.
618 2122 733 2201 20-26)

209 2203 247 2261 1n
261 2204 313 2261 illo
327 2211 467 2279 tempore,
482 2203 686 2279 Interrogatus
695 2204 717 2261 J
718 2223 784 2260 esus
797 2222 816 2259 a
829 2203 986 2261 Pharisaeis
998 2201 1118 2279 quando
1131 2202 1218 2261 venit
1231 2222 1359 2283 regnum

148 2284 208 2343 Dei
220 2304 309 2360 usque
323 2285 363 2341 oct
378 2284 423 2340 ita
435 2284 493 2341 erit
507 2284 539 2340 in
552 2283 655 2342 diebus
669 2283 740 2341 Filii
757 2284 894 2342 hominis.

499 2488 660 2547 Dosnmcs
684 2506 717 2547 la
738 2490 1005 2560 enmocmasmn

210 2586 349 2660 Officium.

208 2668 281 2725 Esto
294 2668 368 2724 mihi
389 2667 420 2724 in
443 2666 541 2724 Deum
563 2673 759 2743 protectorem
772 2675 803 2725 et
822 2670 854 2726 in
872 2669 969 2727 locum
988 2668 1104 2746 refugii,
1120 2675 1156 2727 ut
1175 2668 1297 2729 salvum
1312 2690 1359 2729 me

145 2750 235 2808 facias
248 2771 254 2806 ε
268 2750 405 2826 quoniam
418 2748 636 2805 firmamentum
647 2768 745 2806 meum
757 2755 788 2807 ot
801 2750 947 2827 refugium
959 2770 1055 2808 meum
1071 2770 1102 2807 ee
1115 2756 1168 2807 tu:
1185 2757 1218 2809 et
1233 2758 1358 2829 proptor

146 2851 253 2889 nomen
267 2837 353 2888 tuum
367 2830 430 2886 dux
443 2830 517 2887 mihi
531 2830 608 2888 eris:
630 2836 660 2888 et
674 2832 804 2888 enutries
818 2850 871 2888 me.

208 2928 352 2986 Paciae-aas.

206 3010 244 3067 In
264 3016 303 3081 te,
320 3009 455 3081 Domine,
470 3010 594 3085 speravi,
609 3029 669 3067 non
688 3010 853 3068 confundar
871 3009 903 3066 in
922 3014 1085 3067 aeternum:
1107 3009 1139 3066 in
1156 3010 1283 3086 justitie
1303 3018 1356 3070 tus

147 3090 240 3147 libera
254 3109 309 3160 me,
324 3096 355 3147 et
368 3090 448 3166 eripe
462 3108 516 3147 me.

210 3182 318 3239 Oratio.

207 3262 312 3319 Preces
325 3267 448 3332 nostras,
460 3280 637 3337 quassamus,
651 3262 787 3335 Domine,
798 3262 957 3321 elementer
967 3262 1074 3320 exaudi
1087 3281 1097 3336 3
1119 3268 1212 3341 atque
1226 3285 1245 3322 a
1258 3284 1355 3342 pccca-

146 3351 246 3402 torum
259 3362 313 3399 nos
324 3341 450 3399 vinculis
459 3342 609 3400 absolutos
619 3343 657 3400 ab
667 3344 748 3400 omni
761 3344 938 3402 adversitate
949 3343 1071 3402 custodi.
1105 3345 1164 3403 Per
1178 3345 1349 3403 Dominum

206 3440 257 3497 Ad
270 3440 437 3499 Corinthios
450 3439 484 3515 (l
506 3440 599 3518 citt).

207 3521 345 3578 Fnatres:
373 3521 405 3578 Si
419 3521 528 3598 linguis
548 3521 702 3579 hominum
722 3521 827 3599 loquar
847 3528 877 3580 et
899 3521 1070 3599 angelorum
1087 3539 1178 3598 aspice
1195 3524 1239 3581 ad
1258 3524 1348 3599 major

147 3607 247 3659 autem
261 3602 368 3659 horum
382 3609 427 3659 est
440 3602 553 3661 caritas.

206 3697 400 3851 Toruagsaiieua
414 3779 465 3856 qui
478 3778 550 3837 fecis
567 3779 714 3837 mirabilia
734 3778 830 3837 solus:
850 3786 953 3837 notem
973 3777 1069 3835 fecisti
1089 3779 1122 3837 in
1141 3779 1280 3857 gentibus
1291 3777 1341 3835 vir·

147 3865 350 3999 tiiteiiibteliiilii
363 3942 396 3997 in
409 3940 528 3999 brachio
541 3947 594 3998 tuo
608 3940 751 4019 populum
764 3947 850 3999 tuum
864 3962 870 3999 :
891 3942 967 3999 filios
981 3943 1074 4002 Israel
1089 3948 1121 4000 ot
1133 3943 1155 4000 J
1157 3941 1251 4020 osepln

203 4038 340 4179 {iiiiii
352 4119 427 4192 Deo,
442 4120 537 4178 omnis
550 4125 646 4178 terra:
667 4120 775 4178 servite
790 4119 919 4178 Domino
932 4121 964 4178 in
978 4120 1090 4180 laetitia.

151 4201 179 4261 V.
202 4202 320 4260 Intrate
333 4200 366 4258 in
379 4207 536 4277 conspeetu
550 4201 613 4276 ejus
631 4202 663 4257 in
681 4201 872 4259 exultatione.

150 4282 178 4342 V.
201 4283 314 4341 Scitote
327 4281 468 4359 quoniam
482 4281 629 4339 Dominus
643 4283 705 4358 ipse
719 4289 764 4339 est
777 4282 867 4340 Deus.

150 4363 179 4458 is.
200 4365 269 4441 Ipse
282 4364 352 4423 fecit
365 4383 426 4437 nos,
438 4370 469 4421 et
481 4383 542 4420 non
552 4363 609 4440 ipsi
621 4383 691 4422 nos:
705 4382 759 4420 nos
772 4370 870 4421 autem
885 4363 1011 4441 populus
1024 4363 1097 4441 ejus,
1108 4370 1140 4422 et
1153 4382 1221 4422 oves
1232 4376 1342 4438 pastun

143 4462 214 4520 eJus,
