2806 4920
530 327 627 392 Festa
649 326 782 393 Martii.
1199 329 1261 393 249

57 494 89 587 is.
103 493 250 587 'Spiritus
267 492 395 553 Sanctus
414 493 603 571 superveniet
621 495 653 551 in
671 501 722 551 te:
749 502 780 552 et
801 494 897 552 virtus
916 492 1055 552 altissimi
1075 493 1265 552 obumbrabit

50 575 249 732 llinldeoque
262 658 342 733 quod
355 663 492 715 nascetur
505 675 543 714 ex
557 663 589 714 te
601 663 757 716 sanctum:
778 657 935 715 vocabitur
948 656 1045 714 Filius
1059 657 1125 714 Dei.

116 752 151 811 Si
175 762 274 811 autem
300 754 352 812 lece
365 754 487 812 Festum
510 753 545 810 in
566 763 690 830 tempore
704 753 845 812 Pasclluli
857 753 995 811 celebrari
1008 754 1169 829 contiqerit,
1195 761 1266 810 tuuc

53 834 174 891 dicatur
195 833 343 911 Alleluya.
384 834 411 891 V.
435 837 503 893 Ave
518 834 625 905 Maria,
639 835 736 911 gnatia
749 834 854 911 plena3
876 834 1024 893 Dominus
1042 843 1160 892 tecum:
1181 835 1266 892 bene·

55 915 136 973 «licta
149 922 185 973 tn
198 915 232 972 in
250 916 429 973 mulieribus.

115 1010 286 1067 Secundum
313 1008 462 1084 Alleluys.
512 1007 540 1065 V.
571 1007 706 1083 Angelus
735 1009 858 1066 Domini
885 1008 1037 1066 descendit
1064 1009 1100 1066 de
1127 1008 1207 1080 caelo,
1236 1014 1267 1064 et

56 1090 196 1149 accedens
210 1090 337 1147 revolvit
351 1090 488 1165 lapidem,
503 1097 534 1146 et
547 1089 667 1146 sedebat
682 1109 770 1166 super
783 1109 860 1147 eum.

116 1183 282 1259 Sequentia.
326 1181 426 1239 Mittit
447 1180 485 1238 ad
508 1182 660 1256 virginem,
682 1202 777 1256 quare
799 1183 832 1240 in
845 1181 1051 1259 assumptione
1072 1182 1200 1257 ejusdem
1220 1180 1268 1239 die

58 1265 211 1322 llercurii.

116 1356 321 1433 Ecanqelium.
365 1356 478 1413 Missus
492 1361 536 1412 est
554 1355 674 1413 Gabriel
693 1355 823 1433 angelus,
839 1357 953 1432 require
973 1357 1008 1413 in
1024 1355 1160 1413 Adventu
1177 1355 1268 1414 Fer-ia

56 1448 167 1513 quarta
182 1438 330 1508 Qemttuor
344 1437 529 1514 Terrenorum.

117 1519 224 1579 Credo.

118 1611 317 1686 offertorium.

116 1696 189 1750 Ave
223 1692 331 1761 Maria,
359 1693 456 1767 gratia
486 1690 594 1767 plena,
635 1691 782 1750 Dominus
815 1700 938 1751 tecum:
978 1693 1133 1751 benedicta
1166 1699 1202 1750 tu
1236 1691 1269 1748 iu

51 1774 244 1844 mulieribus,
269 1780 300 1830 et
322 1773 493 1830 benedictus
514 1774 629 1830 fructus
650 1773 763 1830 ventris
785 1774 839 1831 tui.

119 1855 245 1913 Secreta.

119 1935 161 1993 In
188 1935 339 1994 mentibus
368 1935 485 2006 nostris,
511 1954 688 2010 quaesumus,
718 1936 856 2007 Domine,
881 1956 959 1993 verae
989 1936 1057 1993 fidei
1089 1941 1271 1993 &aeramenta

50 2018 212 2089 confirma,
241 2023 276 2073 ut
310 2015 363 2092 qui
390 2027 564 2091 conceptum
591 2015 627 2073 de
654 2017 770 2094 virgine
797 2017 895 2074 Deum
929 2037 1031 2074 verum
1059 2024 1090 2073 et
1120 2017 1270 2074 hominem

49 2098 245 2169 eonfitemur,
268 2116 321 2174 per
343 2097 407 2173 ejus
429 2097 588 2154 salutiferis
611 2097 846 2155 Resurrectionis
874 2099 1036 2175 [solentiam
1064 2100 1102 2156 ud
1130 2111 1270 2155 aeternam

51 2198 229 2238 mereamur
242 2181 397 2254 pervenire
411 2177 554 2234 laetitiam.
599 2179 659 2247 Qui
673 2185 770 2235 tecum
785 2179 869 2235 vivit.

120 2259 275 2336 I²reesati0.
319 2259 360 2316 Et
374 2267 404 2316 te
418 2260 451 2316 in
466 2259 716 2316 Annuntiatione.

122 2341 310 2401 Communia.

120 2424 201 2480 Ecce
228 2422 312 2498 virgo
340 2422 493 2498 concipiet,
522 2429 553 2479 et
580 2423 675 2497 pariet
703 2421 806 2493 filium,
833 2429 863 2479 ct
891 2423 1047 2481 vocabitur
1073 2424 1137 2499 ejus
1165 2441 1273 2480 nomen

58 2503 250 2563 Emmanuel.

122 2585 370 2643 Postcommuuio.

122 2666 261 2726 Gratiam
275 2673 368 2735 tuam,
384 2684 560 2740 quaesumus,
576 2664 1002 2731 Domine,1uentibusnostris
1023 2665 1155 2736 infunde,
1171 2670 1207 2721 ut
1220 2665 1273 2741 qui

61 2747 170 2824 angelo
201 2747 361 2804 nuntiante
389 2746 501 2804 Christi
535 2744 605 2802 Filii
637 2747 682 2802 tui
718 2745 956 2803 Incarnationeui
991 2747 1191 2822 cognovimus,
1220 2765 1273 2821 per

64 2829 236 2887 Passionem
250 2827 312 2903 ejas
326 2835 358 2885 et
371 2827 496 2885 Crucem
513 2826 550 2883 cd
565 2826 801 2884 Resurrectionia
821 2827 946 2905 gloriam
968 2827 1173 2904 perducamur.
1217 2825 1276 2884 Per

63 2910 202 2968 eundem.

123 2991 166 3047 Et
193 3009 303 3065 semper
329 2986 413 3062 iufra
442 2987 706 3062 Qrcadraqesimam
733 2990 852 3064 quaudo
872 2992 913 3063 fit
939 2982 1092 3046 seruitium
1116 2990 1151 3047 de
1175 2989 1275 3064 aliqua

64 3081 174 3143 sancto,
192 3079 261 3148 post
283 3069 411 3128 Tertiam
424 3070 445 3126 d
448 3070 535 3127 icitur
549 3070 645 3128 Missa
659 3071 694 3127 dc
711 3079 810 3127 sancta
821 3094 830 3128 :
851 3069 947 3127 Missa
960 3090 1025 3128 uero
1041 3071 1076 3128 de
1082 3069 1199 3145 jq'erriio
1208 3078 1276 3146 post

68 3154 198 3212 avorum.

127 3233 164 3293 Si
190 3232 243 3291 lese
266 3232 386 3289 Festum
410 3232 444 3288 in
467 3232 624 3290 Dominica
654 3233 811 3307 corrtiqerit,
827 3252 935 3308 seneper
956 3232 1111 3306 differatur
1131 3231 1277 3308 usquein

66 3314 240 3373 crastinum
276 3312 311 3371 Se·
324 3332 496 3388 quacunque
510 3313 572 3371 alia
586 3313 676 3371 Feria
689 3314 840 3388 corati9em't
853 3334 943 3388 usque
957 3315 997 3370 ad
1017 3314 1128 3372 Camena
1144 3313 1275 3384 Danuui,

66 3396 177 3454 ebidem
189 3393 297 3470 festive
316 3394 474 3453 celebretur.
518 3395 553 3454 St
571 3415 634 3451 cero
652 3395 686 3451 iu
701 3394 782 3453 Cena
796 3394 921 3452 Domini
938 3396 1088 3470 coretiqerit
1102 3405 1156 3452 aut
1175 3395 1210 3451 ira
1230 3394 1277 3451 dic

67 3478 242 3535 Parasceves
255 3484 309 3533 aut
322 3474 356 3532 in
369 3474 493 3533 Sabbata
507 3485 560 3533 aut
581 3476 614 3532 iu
637 3475 816 3533 bebdomada
829 3475 957 3547 Pasclroe,
972 3477 1128 3551 differatur
1141 3496 1231 3551 usquc
1244 3475 1279 3531 in

65 3558 228 3617 secuudum
243 3556 364 3615 rerum
382 3565 446 3632 past
470 3555 592 3614 Oetaeae
615 3556 741 3629 Pascha,
764 3566 790 3615 et
811 3556 918 3614 ibidem
932 3557 1107 3615 solleruniter
1128 3556 1278 3615 celebretur

66 3640 123 3697 boc
136 3639 227 3697 uwdc.
265 3638 406 3712 Officium.
428 3637 547 3709 Rorate,
563 3637 634 3709 caeli,
650 3647 684 3694 ut
693 3639 790 3713 prius.
805 3637 856 3695 sed
867 3659 934 3695 crim
947 3639 1073 3714 alleluya
1088 3639 1277 3695 terminetur:

66 3729 95 3780 et
114 3718 167 3777 noe
184 3718 356 3795 qeneraliter
376 3718 535 3776 observetur
554 3720 589 3776 in
609 3719 742 3777 erunibus
754 3719 849 3777 Fastis
869 3719 905 3777 ab
921 3718 1036 3777 Oetacis
1049 3719 1169 3777 Paschae
1189 3737 1279 3793 usquc

65 3801 113 3859 ud
127 3799 247 3859 Festum
268 3799 425 3858 Trinitatis
447 3799 629 3872 celebrandae,
644 3801 701 3857 sire
722 3801 760 3857 sit
780 3821 846 3858 cum
866 3801 1005 3875 reqimiue
1026 3799 1190 3859 Charisius
1210 3818 1278 3867 own,

67 3879 217 3958 Officium,
239 3880 434 3955 offertorium,
454 3890 480 3937 et
503 3880 687 3952 Garamanta,
711 3902 777 3939 cuns
798 3881 927 3957 alleluya
947 3902 1055 3957 semper
1077 3881 1276 3939 terminentur.

68 3963 187 4033 Oratim
203 3961 346 4038 Epistola,
361 3961 563 4035 Evanqelium,
588 3960 782 4035 Offertorium,
797 3973 823 4020 et
844 3962 1028 4033 Communia,
1044 3971 1077 4019 ut
1098 3982 1209 4038 mapsa:
1229 3960 1279 4018 sed

65 4046 133 4102 loco
155 4042 295 4101 Grudelis
315 4042 427 4100 dicitur
442 4042 590 4118 Alleluya.
640 4041 668 4099 V.
700 4044 768 4100 Ave
790 4042 896 4102 Maria.
939 4043 1106 4102 Secundum
1129 4041 1276 4116 Alleluya.

73 4126 107 4184 1⁷.
134 4123 270 4201 Angelus
284 4121 415 4182 Domini

134 4215 311 4275 Notandum
335 4217 413 4291 qued
432 4217 466 4272 iu
488 4216 569 4273 ornati
594 4216 676 4274 Festo
699 4218 823 4294 Duplici
844 4218 888 4276 ael
913 4217 1104 4292 Semiduplici
1129 4215 1280 4273 Pautalia

63 4299 209 4374 temporis
223 4299 358 4375 primum
372 4296 514 4373 Alleluya
526 4306 592 4373 post
606 4301 699 4372 finem
720 4298 822 4357 Versus
836 4298 913 4356 debet
926 4300 1014 4373 repeti
1027 4301 1089 4370 ‚tiae
1111 4307 1201 4354 lueres.
1244 4295 1280 4354 Si

65 4389 175 4442 aurem
182 4378 305 4456 aliquod
317 4377 436 4437 Festum
446 4398 548 4436 cracem
557 4379 728 4436 Lectionum
737 4380 771 4436 in
782 4380 938 4437 Domiuica
947 4380 980 4436 iu
991 4379 1095 4435 Remis
1105 4377 1281 4435 Palmarum

62 4474 97 4525 et
134 4460 204 4520 iude
237 4478 329 4536 usquc
357 4467 426 4536 post
446 4460 569 4518 Oetaeas
595 4459 715 4518 Pasciae
749 4460 907 4535 coritiqerit,
940 4461 1095 4534 differatur
1122 4479 1213 4534 usque
1240 4459 1281 4517 ad
