2804 4920
478 302 594 370 Festo
618 301 770 370 Octobris.

91 467 259 546 chsoentic
302 470 445 547 Alleluyc
457 490 538 528 nunc
551 470 696 529 decentet.

92 551 299 627 Euonyde'rcm.
343 551 419 610 Hoec
431 551 541 609 mendo
553 551 647 610 vobis.

94 630 291 706 Offertore'um.
334 632 374 690 In
388 652 505 691 omnem
518 638 639 690 terrem.

93 714 218 772 Secreta.

93 794 238 866 Gloriam,
268 793 404 865 Domine,
432 800 601 852 sanctorum
627 793 828 870 apostolorum
855 792 985 852 Simonis
1012 798 1043 851 et
1062 792 1151 852 Judae
1171 812 1236 870 per·

82 895 156 932 uam
183 882 367 946 venerantes,
395 894 572 952 quaesumus,
604 881 639 933 ut
665 875 789 933 eandem
815 874 905 934 secris
938 874 1089 952 mysteriis
1123 873 1237 952 expiati

82 957 155 1025 nius
168 956 354 1015 celebremus.
380 990 384 997 ,
397 955 456 1014 Per
469 956 641 1014 Dominum.

96 1037 242 1112 Profectio
255 1038 291 1095 de
304 1036 456 1113 Apostolis.

97 1117 281 1178 Communia
324 1117 388 1176 Vos
401 1118 454 1195 qui
466 1117 561 1176 secuti
574 1117 651 1178 estis.

97 1198 341 1257 Postcommumb.

99 1280 282 1339 Sanctificeti
305 1279 408 1337 divino
429 1278 578 1355 mysterio,
601 1298 777 1355 quaesumus,
800 1279 985 1356 omnipotens
1006 1277 1097 1352 Deus,
1123 1285 1159 1336 ut
1182 1298 1236 1357 pro

82 1361 124 1419 bis
137 1380 240 1419 corum
253 1380 314 1418 non
328 1360 406 1419 desit
418 1360 522 1434 oratio,
537 1379 663 1437 quorum
680 1379 735 1416 nos
749 1359 865 1417 donasti
885 1359 1048 1437 patrocinio
1067 1359 1235 1437 gubernari.

82 1462 107 1498 r.

100 1522 136 1582 Si
157 1522 279 1581 Festum
311 1521 506 1597 apostolorum
528 1520 657 1580 Simonis
680 1529 706 1578 et
726 1520 816 1582 chae
841 1521 875 1579 io
899 1522 1055 1581 Dominica
1077 1522 1237 1598 contiqorit

82 1603 139 1662 iesoe
151 1605 188 1662 de
199 1613 300 1663 sancto
314 1603 426 1663 Temno
439 1612 466 1661 et
478 1603 514 1661 de
528 1603 686 1661 Doneinioo
691 1604 773 1677 fiant
786 1603 820 1660 in
834 1601 982 1678 capitolo.

195 1808 234 1866 Iu
254 1807 385 1866 V1om1s
405 1806 538 1866 omen
558 1807 752 1866 Sescroeuu.
796 1806 890 1881 (Prid.
907 1805 977 1865 Kel.
992 1803 1086 1885 Nov.)

103 1936 242 2014 Officium
285 1937 401 1996 Timete
415 1937 587 1996 Dominum.

105 2018 213 2077 Oratio.

103 2099 230 2158 Domine
241 2100 324 2158 Deus
337 2105 446 2172 noster,
461 2099 627 2176 multiplico
646 2119 734 2176 super
753 2118 807 2157 nos
820 2100 946 2175 gretiam
959 2105 1052 2171 tuem,
1066 2103 1098 2156 et
1111 2117 1238 2174 quorum

82 2181 255 2319 pipiplnimusP
264 2181 392 2258 gloriose
411 2180 573 2254 sollemnis,
598 2180 697 2238 tribue
720 2180 861 2258 subsequi
883 2181 916 2238 in
936 2187 1038 2238 sancte
1058 2179 1239 2258 professione

147 2283 185 2319 m.
254 2282 295 2320 er.

104 2342 200 2400 Nulla
206 2347 266 2419 fiat
280 2343 433 2402 Meritoria.

105 2422 198 2482 lectio
211 2424 281 2482 lieri
294 2423 484 2500 Apocalypsis
497 2423 571 2482 beati
583 2420 611 2478 J
608 2422 733 2481 oleanmb
746 2421 879 2498 Apostoli
891 2422 933 2498 (c.
947 2423 1045 2500 6-13.)

106 2503 143 2562 In
156 2505 260 2563 diebus
272 2504 341 2576 illis,
358 2505 432 2563 Ecce
452 2523 506 2580 ego
525 2504 547 2561 J
548 2503 678 2561 ohannes
698 2503 761 2561 vidi
780 2505 814 2560 in
827 2504 923 2562 medio
936 2504 1038 2562 throni
1050 2523 1142 2580 ueqm
1154 2504 1195 2563 ad
1207 2503 1240 2562 in

82 2585 152 2643 culs
164 2587 346 2644 saeculorum.
390 2586 497 2643 Amen

107 2665 240 2725 &adan
283 2665 493 2724 Exsultebunt.

106 2746 140 2805 Si
152 2747 422 2823 Dominicasum't,
437 2746 587 2820 Alleluye„
636 2745 665 2806 V.
687 2747 709 2804 J
712 2747 773 2803 usti
785 2746 949 2822 epulentur.

107 2828 307 2904 Econqdium.
349 2827 517 2887 Secundum
526 2825 693 2886 Joeanoem
705 2828 779 2901 (xvi
797 2827 914 2906 20-22)

108 2908 145 2966 In
157 2910 210 2969 illo
224 2917 365 2986 tempore,
381 2908 470 2966 Dixit
487 2908 509 2965 J
510 2927 577 2966 esus
594 2908 746 2984 discipulis
762 2909 841 2981 suis3
861 2910 968 2980 Amen,
983 2907 1048 2966 dioc
1062 2906 1155 2978 vobis,
1169 2905 1241 2983 quis

82 2990 199 3048 >rabitis
212 3011 304 3066 ecquo
317 2991 358 3047 ad
371 3008 458 3047 nemo
472 2989 557 3046 tollet
569 3009 587 3046 a
601 2988 691 3047 vobis

110 3070 299 3147 offertorium.
342 3070 508 3128 Laetsmin'n

108 3151 228 3212 Secreto.

112 3233 217 3292 Altero
230 3239 327 3305 tuum,
343 3231 481 3304 Domine,
491 3231 662 3289 muneribus
675 3230 859 3289 cumulemus
870 3231 990 3304 oblatis3
1007 3231 1054 3305 ds,
1065 3250 1240 3309 quaesumus,

97 3313 134 3372 sd
146 3314 274 3373 sulutem
287 3320 419 3371 nostram
433 3313 567 3370 omnium
580 3320 748 3370 sanctorum
763 3318 884 3371 tuorum
898 3314 1065 3388 precatione
1078 3312 1241 3391 proficient,

82 3414 172 3454 :orum
186 3395 342 3453 sollemnis
355 3399 483 3451 venture
496 3394 709 3469 prsecurrimus.
752 3392 819 3452 Per.

112 3473 288 3536 doemonio.
331 3473 489 3533 Justorum
502 3474 616 3532 enimse.

111 3555 350 3616 Postcommunio.

112 3636 316 3709 Sacramentis,
340 3635 478 3709 Domine,
493 3641 524 3693 et
536 3635 651 3712 gaudiis
668 3640 773 3711 optata
792 3635 964 3694 celebritate
984 3637 1119 3714 expletis,
1133 3657 1245 3715 quoesu·

82 3733 125 3791 us,
138 3726 287 3778 uteorum
303 3718 438 3794 precibus
451 3717 633 3794 edjuvemur,
644 3734 770 3793 quorum
790 3717 1041 3776 recordationibus
1056 3719 1241 3777 exhibentur.

82 3812 114 3857 er
124 3799 295 3860 Dominum.

113 3984 158 4046 Ad
169 3986 296 4045 Missam
308 3984 344 4043 de
357 3992 455 4042 sancto
470 3981 647 4059 Ttomofiat
659 3982 805 4042 Menoric
824 3999 866 4041 on
886 3999 1000 4042 seuero
1021 3984 1184 4053 Qumrnro.

121 4110 225 4172 Oratio.

119 4188 201 4265 Deos,
211 4192 263 4271 qui
273 4188 433 4250 Ecclesiam
444 4196 528 4248 tuem
538 4189 651 4248 meritis
661 4194 692 4248 et
702 4189 885 4249 cretionibus
893 4188 1096 4268 pretiosissimi
1106 4189 1246 4259 Quintini

82 4272 193 4347 mtyris
203 4274 250 4331 tui
262 4272 388 4331 mirilico
400 4271 553 4349 splendore
567 4272 714 4343 clarifices,
727 4273 851 4330 concede
863 4271 1017 4348 propitius,
1029 4271 1127 4347 utqui
1140 4290 1246 4329 memo

82 4352 222 4413 millius
233 4370 410 4414 veneremur
422 4354 455 4413 in
468 4352 567 4426 terris,
580 4354 801 4412 intercessorem
821 4353 901 4431 apud
915 4362 945 4411 to
958 4370 1123 4411 mercemur
1138 4350 1246 4411 hebere

82 4431 188 4496 leslis
227 4434 293 4495 Per.
