2804 4920
108 367 171 433 356
541 364 639 430 Festo
659 362 864 430 Nouembris.

329 556 443 615 Siren
463 555 638 628 Tnnononr,
662 572 824 615 usnrrnrs.
868 555 907 631 (v.
923 555 969 614 Id
984 555 1080 633 Nor.)

169 678 309 753 Officium.
352 677 391 735 In
405 678 526 736 virtute.

170 760 278 818 Oratio.

166 839 257 912 Deus,
284 840 338 917 qui
364 859 417 898 nos
443 840 523 898 besti
549 839 695 897 Theodori
722 840 862 916 martyris
888 841 943 913 tui,
969 840 1155 900 confessione
1181 840 1296 919 gloriose

106 921 313 980 circumdasset
325 922 462 999 protegis,
476 927 584 999 praeste
597 921 681 979 nobis
694 922 757 997 ejus
776 922 943 980 imitatione
962 922 1104 1000 proficere
1124 928 1157 981 et
1176 923 1295 981 emtione

107 1003 213 1061 fulciri
257 1001 323 1059 Per.

167 1083 308 1159 Eponla.
350 1085 372 1142 J
374 1089 458 1140 ustus
471 1083 497 1139 si
510 1090 612 1140 morte

169 1164 304 1223 Gradole.
348 1164 483 1236 Domine,
498 1164 675 1239 praevenist'n

168 1246 317 1321 Alleluys.
366 1244 394 1303 V.
417 1245 439 1302 J
441 1252 524 1302 ustus
538 1251 573 1302 ut
585 1244 691 1321 polius.

168 1326 369 1401 Evonqelium.
411 1325 515 1383 Nolite
528 1325 674 1384 arbitrari.

170 1408 362 1482 Offertorium.
405 1407 542 1466 Posuisti.

168 1489 289 1548 Secreto.

169 1568 377 1639 Praesentibus,
389 1587 564 1645 quaesumus,
579 1567 715 1641 Domine,
726 1567 847 1626 intende
860 1569 1041 1641 muneribus,
1056 1575 1089 1628 et
1102 1569 1287 1647 pstmeinsnte

107 1651 194 1709 beate
208 1650 360 1708 Theodoro
369 1660 499 1726 martyre
512 1656 574 1718 tuo,
586 1650 670 1726 cujus
683 1649 836 1707 sollemnis
849 1650 1037 1723 celebremus,
1052 1651 1189 1709 fidelibus
1201 1648 1287 1708 salutis

106 1731 322 1808 indulgentiam
337 1732 497 1802 conferent,
512 1738 543 1787 et
557 1738 667 1789 aeterns
680 1732 800 1808 prtemic
814 1731 971 1809 dignanter
983 1733 1151 1809 acquirant
1193 1731 1253 1792 Per.

169 1810 348 1872 donimano.
391 1812 502 1888 Magne
515 1817 567 1869 eet.

168 1894 408 1951 Poelcommuuio.

170 1974 277 2032 Sancte
301 1981 362 2047 tun,
384 1974 520 2045 Domine,
542 1993 596 2031 nes
619 1980 739 2051 sumpte
760 1974 924 2052 purificent,
942 1979 973 2033 et
997 1974 1196 2033 intercedente
1217 1973 1285 2031 besto

108 2055 259 2113 Theodoro
274 2063 402 2132 martyre
416 2061 478 2128 tuo,
490 2055 528 2112 od
542 2064 690 2132 perpetuae
704 2055 897 2114 beatitudinis
911 2057 1093 2114 consortium
1106 2055 1283 2115 nimiunn

109 2136 175 2194 Per.

210 2253 322 2313 Siron
343 2253 494 2325 Minrrru,
516 2271 651 2314 nrisoorr
671 2271 710 2313 nr
728 2271 933 2314 cournssonrs
976 2254 1032 2330 (iii.
1048 2254 1094 2313 Id.
1110 2254 1201 2331 Nor.)

84 2434 91 2450 ,
172 2374 311 2449 Officium.
354 2375 468 2434 Statuit
480 2376 515 2434 ei.

172 2455 281 2514 Oratio.

171 2536 261 2609 Deus,
278 2537 330 2613 qui
343 2537 485 2614 conspicis
499 2537 569 2614 quio
582 2557 619 2595 ex
634 2537 717 2595 nulla
729 2544 831 2596 nostro
843 2537 957 2595 virtute
970 2537 1166 2605 subsistimus,
1180 2532 1279 2594 concede

110 2620 263 2695 propitius,
280 2627 315 2675 ut
328 2619 533 2675 intercessione
546 2619 625 2675 beuti
640 2618 766 2675 illiirtini
788 2618 960 2676 confessoris
982 2619 1027 2675 tui
1048 2627 1137 2695 atque
1158 2615 1277 2695 pontilicis

111 2710 214 2757 contro
227 2702 326 2756 omnio
340 2701 462 2756 adverse
475 2701 650 2756 muniamur.
695 2701 753 2757 Per
767 2700 937 2757 Dominum.

171 2793 314 2850 Memorio
328 2793 362 2850 de
375 2803 473 2850 siricolo
487 2794 605 2850 Merum.
650 2793 758 2850 Oratio.

172 2874 291 2943 Praesta,
307 2894 481 2950 epiroesumus,
498 2875 682 2949 omnipotens
697 2875 787 2944 Deus
803 2874 902 2949 utqui
923 2874 1002 2931 beuti
1024 2874 1143 2930 Menneu
1164 2867 1272 2944 martyrii

110 2955 156 3011 tui
172 2955 310 3011 natalitia
323 2956 454 3021 colimus,
470 2956 677 3012 intercessione
691 2957 753 3029 ejus
767 2956 798 3010 in
812 2957 857 3011 tui
871 2956 1000 3012 nominis
1013 2975 1112 3012 umore
1126 2955 1269 3011 roboremur·

111 3035 175 3092 Per.

172 3116 311 3190 Epistola.
355 3117 429 3173 Ecce
442 3117 574 3173 sacerdos
588 3137 711 3191 irruguus
725 3118 775 3193 qui
790 3117 822 3173 in
836 3117 900 3172 vite
913 3135 973 3172 suu.

173 3196 305 3256 Grsulole.
348 3196 484 3269 Domine,
500 3198 676 3274 praevenisti.

172 3277 319 3352 Alleluyn.
370 3279 396 3335 l'.
419 3279 480 3336 Hic
501 3279 653 3335 lllurtinus
666 3298 776 3355 pauper
790 3285 819 3335 et
833 3279 964 3335 modicus
977 3277 1080 3334 coelum
1096 3278 1173 3334 dives
1184 3266 1266 3347 ingrel·

110 3357 190 3413 itur:
209 3358 326 3432 hymnis
339 3359 501 3417 caelestibus
512 3361 680 3418 honoretur.
711 3361 750 3415 Et
763 3360 944 3434 ‹lieoiorper
958 3368 1031 3416 totos
1046 3346 1265 3429 Octauenus
1300 3358 1302 3369 '

112 3439 146 3494 dc
162 3437 276 3495 Octooie
289 3440 396 3512 opiter.

173 3518 335 3592 ›S'equeoriu
1247 3585 1251 3595 Ι

112 3599 295 3656 Sacerdotem
324 3600 435 3658 Christi
459 3602 625 3659 Mor-tinum
649 3608 754 3660 cuncte
778 3621 830 3679 per
851 3601 952 3659 orbem
973 3608 1060 3658 cenet
1084 3599 1193 3659 ecclesis
1209 3603 1261 3668 pars

194 3681 350 3752 eotlrolicae,

113 3762 217 3837 Atque
232 3762 310 3817 illius
324 3783 430 3820 nomen
444 3765 539 3820 omnis
553 3765 706 3821 haereticus
720 3765 815 3841 fugiat
829 3764 962 3841 pallidus.

113 3843 268 3899 Pannonio
283 3844 400 3900 laetetur
412 3846 548 3920 genetrix
563 3847 631 3902 talis
645 3847 717 3917 filii;

112 3923 202 3979 Italis
216 3924 346 3981 exsultet
360 3925 462 3981 alitrix
476 3928 555 3983 tanti
565 3928 703 4002 juvenis:

111 4003 152 4060 Et
167 4004 270 4062 Grillioe
286 4008 364 4062 trina
377 4007 483 4064 divisio
497 4027 578 4063 sacro
593 4016 685 4064 certet
699 4007 802 4083 litigio,
818 4009 863 4082 cuj
869 4027 901 4063 us
916 4026 977 4063 esse
992 4005 1097 4063 debeat
1110 3995 1213 4081 presuli

113 4085 170 4142 Sed
184 4089 294 4161 puriter
307 4086 412 4145 habere
433 4108 462 4144 se
482 4096 595 4164 patrem
610 4109 710 4145 omnes
729 4089 877 4164 gaudeant
885 4108 894 4159 3
915 4088 1026 4145 Turoni
1047 4087 1101 4144 soli
1119 4086 1172 4161 ejus
1188 4078 1256 4142 0⁰¹l⁰⁸

193 4167 319 4224 foveant.

112 4246 194 4304 Huic
209 4249 388 4306 Francorum
403 4257 491 4325 atque
506 4249 671 4307 Germanis
685 4251 766 4326 plebs
781 4250 875 4306 omnis
890 4250 1031 4325 plaudat3

113 4329 228 4396 Quibus
242 4330 400 4387 videndum
414 4331 529 4388 invexit
543 4330 705 4387 Dominum
720 4332 752 4387 in
766 4351 819 4388 sua
832 4338 920 4387 veste.

112 4408 173 4465 Hic
187 4410 307 4467 celebris
322 4418 367 4468 est
380 4411 506 4488 AEgypti
520 4413 652 4488 patribus
667 4413 785 4470 Gneciie
800 4431 916 4487 quoque
930 4411 1043 4467 cunctis
1057 4400 1218 4486 sapientibus

112 4489 172 4558 Qui
186 4491 311 4567 imperes
324 4512 355 4550 se
369 4492 494 4550 Martini
509 4493 622 4551 meritis
636 4495 769 4551 sentiunt
782 4500 871 4568 utque
885 4494 949 4568 ejus
963 4488 1160 4551 medicamini:
