2804 4920
509 296 605 363 Festa
626 298 786 383 Aspusti.

116 462 299 523 Gommweic.
341 463 453 522 Beatus
465 482 575 521 servus.

116 544 358 603 Postccmmunio.

116 624 251 703 Sumpta,
279 625 416 698 Domine,
439 632 621 684 sacramenta
641 627 768 686 caelestia
789 627 903 685 meritis
930 627 1011 685 besti
1037 626 1182 686 antistitis
1208 628 1254 685 tui

53 705 176 763 Thomoe
197 706 355 783 purificent
374 713 487 765 mentes
507 713 632 779 nostras,
647 714 683 765 ut
703 709 780 765 sicut
800 708 862 785 ipse
879 709 1022 783 singulari
1034 709 1138 767 floruit
1151 709 1258 768 sancti·

52 793 119 846 tate
132 788 174 845 sic
187 805 242 845 nos
254 787 358 845 florere
368 788 517 846 virtutum
530 789 635 865 opibus
649 789 681 846 in
695 796 748 847 tus
761 790 851 848 facias
864 790 982 866 pietate.
1025 790 1092 849 Per.

307 1018 420 1079 Snucnr
440 1019 533 1092 Ruri,
556 1036 716 1078 nanrrsrs.
761 1021 812 1100 (vi.
829 1020 899 1080 Kal.
915 1020 1010 1100 Sept.)

123 1139 261 1213 Officium.
304 1140 478 1201 Laetebitur.

122 1219 232 1280 Oratio.

117 1300 244 1375 Adesto,
269 1302 407 1377 Domine,
432 1303 696 1382 supplicationibus
719 1305 837 1378 nostris,
862 1311 898 1363 ut
922 1304 1002 1362 beati
1026 1303 1099 1361 Rufi
1120 1305 1260 1362 interces-

54 1382 191 1440 sionibus
217 1384 405 1455 confidentes,
433 1405 488 1443 nec
514 1386 604 1444 minis
630 1386 851 1445 adversantium
877 1406 932 1444 nec
959 1385 1021 1443 ullo
1048 1386 1262 1443 conturbemur

53 1463 186 1522 incursu.
230 1463 295 1522 Per.

119 1544 260 1621 Epistola
304 1546 411 1605 Justus
425 1547 451 1604 si
465 1554 567 1606 morte.

120 1624 255 1687 Grcdcle.
276 1682 278 1687 .
297 1628 319 1686 J
320 1633 404 1686 ustus
418 1648 478 1685 non
492 1629 726 1687 conturbabitur.

119 1706 269 1783 Alleluya
319 1708 347 1768 V.
370 1708 434 1767 Iste
447 1716 573 1768 sanctus.

120 1788 322 1864 Ecanqelium.
365 1789 469 1848 Nolite
483 1791 630 1850 arbitrari.
684 1849 686 1853 .

120 1868 315 1943 Offertoriwnc.
358 1869 497 1930 Posuisti.

119 1949 242 2009 Secreta.

120 2031 246 2102 oblatis,
271 2032 408 2105 Domine,
430 2032 547 2110 placare
571 2034 754 2104 munenibus,
777 2039 808 2092 et
835 2033 1035 2094 intercedente
1063 2035 1150 2093 beato
1177 2033 1262 2111 Rufo

57 2119 192 2188 martyre
204 2119 267 2186 tuo,
282 2133 301 2171 a
314 2114 429 2172 cunetis
443 2134 496 2173 nos
509 2115 632 2173 defende
645 2115 791 2192 periculis
835 2114 900 2174 Per.

124 2193 309 2252 Cornmunic.
353 2195 413 2265 Qui
426 2195 508 2254 milri.

121 2275 364 2334 Postccmmuuic.

121 2355 297 2415 Caelestibus
310 2357 413 2415 refecti
424 2358 615 2416 sacramentis
629 2364 660 2415 et
672 2358 795 2433 gaudiis,
808 2358 953 2436 supplices
967 2364 998 2417 te
1012 2379 1157 2435 rogemus,
1169 2359 1260 2416 omui·

57 2446 166 2517 potens
180 2437 270 2509 Deus,
286 2444 322 2496 ut
335 2458 461 2514 quorum
474 2438 637 2516 gloriamur
649 2439 818 2516 triumphis,
834 2447 1025 2517 protegemur
1038 2441 1164 2498 auxiliis.
1205 2440 1265 2496 Per

58 2519 234 2578 Dominum.

164 2694 275 2752 Ssucrr
299 2694 483 2763 Aucusrnu,
505 2709 640 2752 nrrsccrr
662 2709 699 2750 nr
719 2709 873 2752 nocuoms.
918 2693 957 2768 (v.
974 2694 1045 2752 Kal.
1063 2693 1159 2771 Sept.)

124 2821 264 2893 Officcuur.
307 2819 347 2876 In
361 2818 464 2875 medio.

128 2899 236 2958 Oratio.

123 2979 216 3052 Deus,
226 2979 279 3056 qui
292 2979 412 3037 beatum
426 2979 632 3055 Augustinum
643 2978 779 3036 Ecclesiae
794 2985 852 3035 turc
867 2979 899 3035 in
909 2977 1090 3054 exponendis
1102 2976 1262 3053 Scripturre

61 3080 151 3120 sscrae
165 3060 316 3136 mysteriis
332 3060 479 3117 doctorem
494 3060 685 3135 optimumst
697 3059 823 3117 electum
844 3061 1009 3116 antistitem
1023 3058 1201 3136 procidisti,
1224 3059 1262 3115 da

60 3142 148 3202 nobis
162 3160 278 3218 semper
289 3148 321 3199 et
334 3142 397 3217 ejus
410 3140 553 3198 doctrinis
568 3141 679 3198 instrui
692 3147 722 3198 et
736 3142 869 3197 emtione
883 3140 1009 3198 defendi.
1053 3139 1118 3197 Per.

123 3222 272 3281 Mernorr'n
284 3221 318 3280 dc
332 3231 430 3280 sancto
444 3221 585 3280 Hermete.

125 3303 217 3375 Deus,
231 3303 284 3382 qui
297 3304 416 3361 beatum
430 3302 606 3361 Hermetem
620 3307 781 3378 martyrem
801 3311 888 3359 tuum
908 3302 1023 3360 virtute
1043 3302 1216 3359 constantiae
1231 3301 1263 3359 in

64 3385 199 3464 passione
213 3385 377 3456 roborasti,
398 3404 435 3442 ex
452 3385 516 3460 ejus
536 3383 621 3441 nobis
641 3383 807 3441 imitatione
828 3384 926 3439 tribue
939 3403 992 3460 pro
1007 3402 1106 3440 umore
1120 3389 1172 3440 tuo
1186 3403 1265 3459 pros-

66 3486 135 3544 pera
149 3466 254 3524 mundi
268 3466 415 3542 despicere
428 3472 459 3522 et
472 3465 555 3522 nulla
569 3466 632 3540 ejus
646 3464 769 3522 adversa
781 3464 946 3522 formidare.
990 3463 1049 3522 Per
1063 3464 1233 3521 Dominum.

126 3546 268 3622 Epistola.
311 3545 403 3604 Dedit
416 3545 562 3603 Dominus
576 3546 793 3604 consessionem.

128 3627 264 3687 Gradcle.
305 3627 442 3697 Domine,
458 3627 637 3703 praevenisti.

127 3707 276 3784 Alleluya.
325 3708 354 3766 V.
376 3707 483 3765 Justus
496 3707 682 3784 germinabit.

127 3790 291 3864 »loquentiu
306 3789 341 3848 de
356 3788 513 3847 Umnrnuui
526 3788 618 3846 cincius
631 3787 799 3862 confessoris
812 3796 837 3845 et
846 3789 1001 3863 pontificis.

129 3871 328 3946 Eccnqelium.
371 3870 436 3927 Vos
449 3871 519 3927 estis
532 3871 574 3928 sal
588 3877 682 3926 terrae.

129 3952 323 4030 offertorium.
367 3951 494 4011 Veritas.

128 4035 248 4094 Stoma·
398 4088 401 4093 .

129 4115 230 4174 Sancti
250 4113 416 4191 Augustini
436 4113 607 4170 confessoris
627 4112 674 4169 tui
694 4119 784 4187 atquc
804 4111 960 4188 pontificis,
983 4107 1118 4178 Domino,
1134 4109 1183 4184 pin
1204 4127 1264 4165 non

76 4192 144 4253 desit
164 4196 267 4268 oratio,
282 4214 348 4272 quae
369 4205 399 4251 et
419 4214 542 4251 munere
562 4200 663 4251 nostru
683 4193 739 4251 tibi
760 4193 904 4263 conciliet,
919 4200 947 4249 et
964 4198 1045 4248 tunm
1065 4190 1150 4248 nobis
1170 4189 1264 4246 indul-

77 4279 197 4350 gentiam
212 4296 326 4353 semper
339 4275 479 4333 obtineat.
522 4276 587 4332 Per.

129 4360 200 4417 Alia
212 4358 333 4417 Secreto.

130 4439 313 4500 Sacrificium
333 4437 399 4508 tibi,
420 4437 557 4507 Domine,
579 4436 674 4495 laudis
694 4437 844 4493 offerimus
866 4435 897 4492 in
920 4441 1037 4491 tuorum
1062 4451 1266 4490 commemoro·
