2804 4920
103 333 167 398 406
279 328 401 398 Passio
421 329 567 397 Domini
587 329 697 398 nostri
717 329 904 397 erundum
923 327 1130 397 totamm.

165 495 347 558 Coruncanio.

165 578 224 637 Per
236 579 350 657 lignum
363 579 441 638 servi
453 578 525 638 facti
537 598 657 637 sumus:
671 583 763 655 etper·
776 583 907 636 sanctam
920 596 1037 637 crucem
1050 576 1174 637 liberati
1187 594 1301 636 sumna:

105 659 221 718 fructus
234 660 347 718 arboris
360 660 479 719 seduxit
492 680 546 719 nos
557 682 563 719 :
583 660 679 718 Filius
692 660 751 718 Dei
764 659 889 717 redemit
898 679 962 731 nos,
972 658 1112 736 alleluya

166 740 405 799 Poatcommuuio.

166 821 282 880 Reiecti
302 821 367 880 cibo
390 826 520 899 potuque
541 820 658 892 caelesti,
680 840 857 897 quesumus,
879 820 1066 897 omnipotens
1090 819 1185 893 Deus,
1206 825 1240 878 ut
1263 819 1296 876 ab

105 901 237 960 hostium
263 902 401 960 defendas
426 902 593 975 formidine,
618 920 691 979 quos
710 902 839 978 pretioso
860 902 1002 980 sanguine
1019 901 1091 960 Filii
1113 901 1160 959 tui
1183 899 1293 960 Domini

106 982 203 1042 nostri
214 983 237 1042 J
238 1003 289 1041 esu
304 982 416 1041 Christi
426 983 587 1042 redemisti
631 982 690 1041 Per
701 983 835 1042 eundem.

354 1204 405 1264 Dr
424 1220 540 1264 slsum
561 1204 667 1263 Osucn
686 1220 720 1262 ns
739 1221 880 1264 muscas
899 1204 1064 1264 Pasosanr.

166 1297 325 1457 gilllfqui
338 1398 392 1456 pro
405 1379 491 1437 nobis
511 1377 625 1438 Filium
637 1383 726 1436 tuum
748 1377 842 1437 crucis
863 1375 1032 1455 patibulum
1053 1379 1154 1436 subire
1172 1377 1278 1447 voluisti,

106 1465 142 1518 ut
161 1461 275 1518 inimici
296 1480 313 1517 a
335 1460 421 1518 nobis
441 1460 603 1538 expelleres
625 1466 801 1536 potestatem
812 1480 820 1531 3
850 1459 974 1518 concede
995 1459 1082 1517 nobis
1095 1460 1210 1517 famulis
1227 1461 1276 1528 tuis,

106 1547 142 1600 ut
154 1541 376 1681 rstllelrrlffom
389 1541 515 1620 gloriam
528 1560 749 1617 consequamur.
792 1540 852 1599 Per
864 1540 1000 1598 eundem.

168 1702 258 1774 Deus,
273 1702 326 1780 qui
344 1722 399 1780 per
410 1722 525 1762 crucem
539 1708 571 1761 et
590 1701 763 1779 sanguinem
777 1701 901 1760 Domini
910 1702 1006 1760 ιιοιιιι
1018 1701 1042 1761 J
1042 1722 1096 1761 esu
1109 1701 1215 1761 Christi
1226 1698 1276 1757 lilii

108 1782 156 1840 tui
179 1782 288 1841 dedisti
311 1803 413 1877 pacem
436 1783 605 1842 hominibus
626 1790 657 1841 et
680 1784 841 1841 celestium
868 1783 1025 1859 collegium
1048 1785 1225 1861 angelomm;
1248 1779 1275 1837 da

107 1863 193 1921 nobis
211 1871 269 1922 tuas
290 1865 369 1941 pacis
392 1866 526 1923 ubertate
547 1864 664 1942 repleri,
682 1870 715 1921 et
734 1865 872 1942 angelicas
887 1864 1036 1922 societatis
1055 1866 1179 1922 unitata
1197 1859 1274 1921 letari

108 1943 176 2004 Per.

168 2025 409 2085 Postcommunio.

169 2106 260 2178 Deus,
280 2108 363 2183 cujus
382 2107 475 2165 Filius
493 2126 545 2183 per
561 2111 707 2184 tropeum
723 2105 817 2164 crucis
834 2106 980 2165 mundum
1001 2106 1145 2165 redimere
1166 2106 1274 2193 digmus

108 2191 173 2261 est3
205 2187 330 2245 concede
351 2188 505 2280 propitius,
530 2193 564 2245 ut
588 2188 640 2265 qui
660 2187 862 2264 redemptione
888 2195 990 2245 nostra
1016 2187 1161 2259 laetamur,
1186 2182 1274 2244 etant

108 2267 329 2326 resurrectionis
343 2269 406 2343 ejus
418 2267 540 2345 gaudiis,
554 2275 585 2326 te
598 2268 727 2326 donante
728 2268 858 2346 ,periuri
871 2287 1044 2330 mereamur.
1087 2268 1146 2327 Per
1157 2267 1264 2326 eunden.

323 2486 433 2546 Passro
453 2487 574 2546 Domru
594 2502 703 2546 sosrar
723 2502 888 2547 snousnnu
907 2487 1090 2561 ιοιιιιιιιιιι.

170 2648 316 2707 Dominus
320 2671 403 2726 popa
412 2648 439 2705 J
437 2650 562 2708 elanus
573 2651 728 2726 composuit
742 2651 821 2707 istud
835 2650 1029 2725 Evauqelium
1042 2651 1127 2727 apud
1135 2648 1273 2708 Asinium

110 2731 192 2789 tertio
206 2731 252 2788 die
266 2741 332 2788 onte
346 2734 489 2788 decenarius
502 2753 597 2802 suurn,
612 2753 669 2807 pro
683 2753 739 2806 quo
754 2732 886 2789 cootoesait
899 2733 1032 2789 omuibus
1049 2734 1131 2789 istud
1148 2727 1273 2790 umato

109 2811 154 2869 od
165 2812 359 2884 audientilms,
374 2814 543 2888 deposcatis
555 2814 618 2870 suis
631 2812 765 2888 confessis
778 2823 803 2870 et
817 2814 957 2886 contritis,
971 2834 1024 2873 cco.
1040 2814 1102 2872 dies
1111 2809 1272 2888 iwannum·

171 2909 242 2967 Non
255 2909 372 2967 dicatur
386 2909 489 2966 Gloria
501 2909 558 2965 tibi
571 2909 705 2966 Domine.

171 2989 211 3046 In
232 2990 283 3048 illo
303 2997 442 3066 tempore,
458 2990 665 3066 Apprehendit
685 2990 801 3047 Pilatus
821 2990 924 3048 Jesum
938 2997 969 3048 et
989 2989 1150 3066 flagellarit
1168 3005 1239 3058 cum;
1253 2987 1273 3039 tl

115 3070 223 3129 milites
237 3071 396 3146 plectentes
416 3091 551 3128 cononum
566 3071 601 3126 de
622 3072 714 3146 spinis
734 3073 939 3148 imposuerunt
958 3091 1047 3147 super
1066 3080 1155 3148 caput
1169 3072 1237 3146 ejus:
1252 3071 1274 3119 tl

111 3146 193 3209 ¹reste
206 3171 353 3227 purpurea.
373 3151 627 3209 circumdederunt
648 3172 724 3221 eum,
740 3159 771 3209 et
784 3152 942 3209 veniebant
955 3153 993 3210 ad
1014 3171 1091 3222 eum,
1106 3160 1137 3209 et
1156 3151 1273 3208 dicebant

111 3232 185 3303 Ave,
215 3251 266 3288 rex
293 3232 315 3289 J
318 3232 474 3291 udoeorum
518 3232 558 3289 Et
582 3231 693 3288 debant
720 3233 747 3289 ei
775 3233 879 3309 elspas,
905 3240 1082 3309 exspuentes
1110 3234 1140 3290 in
1164 3248 1239 3300 eum;
1253 3229 1274 3280 tl

111 3319 285 3387 acceperunt
306 3313 488 3385 arimdinem,
504 3320 534 3370 et
554 3313 759 3388 percutiebant
772 3321 904 3389 caputJ
880 3334 950 3371 eus
994 3314 1189 3390 Susceperunt
1201 3316 1274 3394 autent

112 3393 221 3449 milites
241 3393 262 3450 J
265 3412 354 3463 esum
378 3359 543 3467 bajulantes
566 3394 624 3450 sibi
644 3414 767 3464 crucem,
793 3403 824 3451 ct
847 3335 943 3452 exivit
965 3394 997 3450 in
1021 3394 1108 3451 illum
1132 3394 1220 3452 locum
1238 3403 1274 3462 q111

113 3473 224 3530 dicitur
238 3437 387 3543 Calvumis,
403 3481 433 3530 et
456 3474 498 3530 ibi
512 3475 723 3532 crucifixerunt
736 3496 811 3546 eum,
827 3483 858 3534 et
878 3496 944 3533 cum
958 3496 993 3533 eo
1006 3476 1079 3533 alios
1100 3476 1171 3533 duos
1183 3475 1240 3531 hine
1253 3470 1275 3522 el

112 3553 190 3623 inde,
206 3554 335 3611 medium
355 3560 455 3610 autem
474 3555 495 3612 J
498 3575 587 3613 esum
631 3556 736 3612 Postea
755 3558 848 3613 sciens
868 3556 955 3614 Jesus
976 3557 1076 3613 omnia
1095 3577 1160 3633 quae
1179 3559 1276 3613 ιειι11111

113 3642 199 3693 erant
218 3635 311 3691 dixit:
334 3634 417 3693 Sitio.
460 3635 511 3692 Illi
525 3644 624 3693 autem
645 3637 795 3712 spongiam
815 3636 931 3712 plenam
945 3646 1027 3696 aceto
1048 3638 1170 3714 hyssopo
1183 3637 1275 3694 circum·

113 3722 254 3792 ponentes
272 3714 444 3774 obtulerunt
456 3717 501 3774 ori
519 3718 602 3792 ejus;
624 3725 734 3774 etcum
752 3725 896 3793 gristasset
913 3719 1011 3776 noluit
1027 3718 1134 3788 bibere,
1148 3711 1275 3775 seddim:

111 3797 355 3867 Consummatum
378 3803 430 3857 est.
473 3798 514 3854 Et
534 3798 676 3855 inclinato
696 3800 791 3875 capite
814 3799 913 3856 emisit
936 3800 1093 3893 spiritum..
1135 3799 1175 3856 Et
1199 3791 1274 3854 statim

113 3885 191 3936 terra
214 3877 400 3948 contremuit,
424 3878 466 3935 sol
488 3878 659 3936 obscuratus
681 3884 734 3951 est,
757 3886 788 3937 et
805 3880 903 3937 velum
926 3879 1030 3974 templi
1053 3879 1173 3937 scissum
1192 3882 1236 3945 ost,
1254 3873 1275 3925 tl

112 3965 202 4035 petrae
216 3960 309 4015 scissae
323 3966 406 4032 sunt3
427 3966 457 4016 et
471 3966 662 4017 monumenta
675 3967 776 4035 aperta
789 3968 866 4033 sunt,
882 3967 912 4018 et
922 3981 973 4037 qur
965 3961 1175 4033 dormierunt,
1188 3969 1275 4016 surrex·

113 4045 207 4097 erunt.
251 4041 323 4109 Quos
347 4060 414 4098 oum
437 4041 559 4097 vidisset
580 4041 721 4113 centurio,
745 4042 840 4100 dixit:
862 4042 941 4100 Vere
962 4043 1041 4100 filius
1063 4043 1122 4099 Dei
1149 4047 1208 4099 eret
1196 4037 1272 4098 tite

115 4120 246 4180 Tandem
270 4141 346 4177 unus
367 4121 497 4178 militum
525 4121 625 4178 lancea
646 4121 770 4179 latus
745 4143 808 4197 eJus
831 4124 955 4198 aperuit,
985 4131 1016 4180 ct
1042 4123 1179 4181 continuo
1203 4111 1273 4177 exirit

118 4202 236 4278 sanguis
247 4208 277 4258 et
287 4221 369 4277 aqua
413 4201 454 4259 Et
467 4203 519 4279 qui
532 4203 589 4259 ista
602 4202 679 4261 vidit
693 4204 894 4261 testimonium
902 4204 1062 4282 perhibuit,
1076 4206 1273 4273 etacimusqu1⁸

112 4301 214 4340 verum
229 4289 273 4339 est
286 4283 488 4340 testimonium
501 4285 572 4359 ejus.

171 4364 280 4422 Oratio.

171 4444 261 4516 Deus,
278 4444 330 4520 qui
349 4464 454 4501 manus
468 4451 534 4503 tuas
547 4451 578 4502 et
590 4445 677 4522 pedes
697 4451 764 4504 tuos
778 4452 809 4505 et
821 4451 919 4505 totum
933 4467 1039 4526 corpus
1051 4453 1137 4506 tuum
1149 4466 1198 4526 pro
1209 4432 1271 4500 nobil
