2804 4920
511 342 606 407 Festa
618 341 736 408 Jaaii.
1157 347 1219 410 26⁵

85 504 328 568 Postoommaaio.

88 585 176 644 Sacro
198 606 320 645 munere
342 587 443 646 satiati
466 588 612 666 supplices
635 596 673 662 te,
700 589 837 663 Domine,
859 589 1056 667 deprecamur,
1081 596 1117 648 ut
1140 589 1219 668 quod

82 667 130 725 itae
153 669 307 726 servitutis
330 669 509 727 celebramus
532 670 636 740 officio,
649 670 900 729 intercedentibus
919 672 1027 730 sanctis
1041 672 1111 743 tuis,
1126 671 1219 730 salra-

82 749 114 807 ris
128 750 360 807 tnoesentismus
373 757 574 827 augmentum.
617 751 684 809 Per.

189 949 376 1008 Sacranos
397 949 550 1007 Mensam
572 965 610 1007 nr
631 948 795 1007 Gruussnr.
837 946 892 1026 (ri.
909 947 955 1008 Id.
969 947 1057 1026 dun.)

86 1061 224 1136 Officium.
268 1060 440 1119 Sacerdotes
454 1062 525 1136 ejus.

87 1142 195 1200 Oratio.

84 1223 175 1293 Deus,
188 1223 241 1299 qni
259 1227 391 1281 sanctem
409 1222 494 1279 nobis
516 1223 605 1300 hujus
625 1222 685 1280 diei
704 1221 932 1280 sollemnitatem
951 1221 985 1279 in
1004 1222 1115 1280 honore
1135 1242 1216 1282 sanc·

82 1324 122 1362 rm
145 1305 345 1362 consessorum
368 1310 488 1361 tuorum
512 1302 650 1362 Medendi
671 1308 702 1361 et
727 1302 863 1360 Gildardi
889 1303 1083 1374 consecrasti3
1113 1304 1215 1362 adesto

85 1385 140 1442 iliae
154 1392 214 1442 tuae
228 1385 371 1461 precibus,
388 1390 419 1442 et
431 1384 470 1441 da
488 1391 524 1442 ut
544 1403 671 1461 quorum
692 1385 768 1443 festa
789 1383 978 1458 celebramus,
992 1404 1095 1443 eorum
1108 1387 1216 1442 merito

82 1466 181 1524 nxilio
194 1465 390 1523 sublevemur.
434 1465 492 1524 Per
505 1464 676 1523 Dominum.

83 1547 224 1621 Epistola.
267 1547 373 1604 Plures
386 1545 459 1603 facti
471 1552 551 1604 sunt.

83 1627 228 1705 Alleluys.
278 1627 306 1684 V.
330 1627 500 1704 Fulgebrmt
508 1626 593 1703 justi.

82 1706 247 1767 Secandean
260 1709 410 1785 Alleluyo„
424 1710 458 1766 de
471 1707 586 1766 Praeda
595 1730 606 1775 ,·
627 1708 671 1766 oet
682 1707 717 1767 de
730 1707 906 1781 dooemioaa
921 1707 965 1767 vel
977 1709 1013 1766 de
1025 1708 1193 1767 Pentecoste.

85 1790 151 1847 Post
167 1790 348 1847 Trinitatem

85 1870 235 1929 aradae*
277 1870 446 1928 Sacerdotes
459 1871 531 1946 ejus.

85 1950 160 2009 illuc
174 1952 338 2028 perducem.

85 2031 261 2109 Fulgebunt‚
276 2040 310 2089 at
323 2051 421 2108 supra.

82 2113 280 2189 annqeliam.
324 2113 393 2170 Sint
405 2112 500 2170 lumbi
512 2112 614 2170 vestri.

83 2193 273 2268 offertorium
316 2193 520 2252 Exsultabunt
533 2193 633 2250 sancti

82 2274 199 2334 Semta

82 2353 212 2433 Respice,
240 2375 415 2432 qumsumus,
444 2353 579 2427 Domine,
602 2353 744 2431 populum
771 2358 858 2411 tuum
885 2352 923 2411 sd
950 2359 1004 2411 tua
1030 2358 1212 2412 sacramenta

82 2443 184 2495 antem
204 2444 236 2494 et
259 2443 433 2513 presentem
459 2435 653 2493 festivitatem
675 2440 844 2492 sanctorum
865 2434 1063 2492 confessorum
1089 2440 1209 2492 tuorum

82 2517 155 2575 lanii
172 2524 262 2594 atque
282 2517 435 2589 Gildardi3
455 2523 490 2574 ut
508 2516 587 2592 quod
606 2536 660 2592 pro
680 2516 727 2573 tui
747 2516 876 2572 nominis
898 2515 1009 2573 honore
1029 2514 1209 2585 detulerrmt,

82 2598 131 2656 rtis
144 2599 239 2675 prosit
251 2599 289 2656 ad
302 2599 428 2657 veniam.
471 2597 530 2655 Per
543 2597 714 2655 Dominum.
1266 2606 1271 2615 ·

82 2678 259 2737 Coruncanio.
301 2679 323 2738 J
326 2685 459 2738 ustorum
472 2678 586 2736 animae.

82 2760 319 2819 Poetcommunio.

82 2840 196 2899 Gratias
209 2842 267 2899 tibi
280 2841 402 2917 egimus,
418 2840 548 2898 Domine
569 2840 651 2897 Deus
670 2844 790 2912 noster3
810 2844 841 2897 et
854 2838 906 2915 qui
919 2856 973 2895 nos
985 2837 1095 2896 calesti
1109 2855 1210 2894 mensa

82 2940 151 2980 trare
172 2923 311 3000 dignum
332 2941 372 2993 es,
387 2921 433 2993 da,
448 2940 624 2997 quaesumus,
639 2919 724 2976 nobis
745 2921 782 2977 de
803 2918 929 2995 peccans
949 2920 1058 2976 nostris
1080 2918 1207 2987 veniam,

82 3009 94 3058 t
118 3003 214 3062 beatis
240 3003 454 3061 confessoribus
480 3003 540 3060 tuis
570 3000 714 3059 Medardo
737 3007 769 3059 et
796 2999 937 3057 Gildardo
971 2998 1078 3057 dedisti
1112 2997 1208 3057 sedem

82 3089 207 3161 capatus
251 3084 310 3141 Per
324 3084 495 3141 Dominum.

82 3276 98 3341 ,τ’
117 3285 354 3343 Tannsmrrons
374 3299 480 3342 soron
500 3283 659 3354 Ennounr,
679 3297 919 3341 sncnrnrrscosr.
962 3283 1002 3358 (v.
1018 3279 1064 3340 Id
1079 3278 1167 3357 dun.)

82 3396 217 3473 Officium.
261 3398 375 3457 Statuit
389 3398 424 3456 ei.

82 3479 186 3538 Oratio.

82 3559 245 3618 Transferat
257 3579 312 3617 nos
325 3579 343 3618 a
355 3560 518 3618 carceribus
531 3559 717 3618 inimicorum
734 3564 902 3616 nostrorum
917 3575 1071 3633 supremus
1083 3554 1208 3615 auxilia-

85 3641 133 3698 aui
146 3641 227 3698 beati
248 3640 397 3698 Edmundi
418 3640 589 3698 confessoris
610 3639 657 3712 sui
678 3639 807 3697 animam
821 3639 932 3714 placuit
946 3639 1060 3695 incolo
1074 3637 1207 3696 coronari

82 3741 162 3798 >rpus
174 3742 193 3780 a
205 3728 285 3780 terra
298 3741 365 3780 oum
379 3740 493 3779 summa
506 3721 611 3779 laetitia
625 3717 873 3802 [sursum-MS]
887 3718 1089 3796 transportari
1125 3718 1192 3775 Per.

82 3802 219 3861 Memoria
231 3804 267 3861 do
279 3802 459 3879 martyr-ibae
471 3801 575 3861 Primo
588 3811 615 3860 et
628 3801 783 3860 Felt'ar'aerao.
828 3799 936 3858 Oratio.

82 3883 134 3943 Fac
154 3903 216 3956 nos,
230 3903 407 3960 quaesumus,
423 3882 559 3954 Domine,
574 3889 743 3941 senatorum
764 3888 883 3939 tuorum
907 3881 1002 3938 Primi
1018 3886 1049 3938 et
1064 3876 1205 3937 Feliciani

82 3982 127 4102 pssr
138 3964 216 4058 feste
227 3965 341 4037 sectari,
356 3984 482 4041 quorum
495 3964 642 4041 suffragiis
661 3963 852 4041 protectionis
865 3967 925 4020 tute
939 3962 1016 4019 dona
1034 3959 1202 4018 sentiamus.

82 4065 416 4203 EpiiioliiiimTestifiaor,
431 4126 467 4182 ia
480 4124 634 4186 Omnmaai
647 4126 738 4183 sonita
751 4126 898 4201 atartyiis.

82 4206 208 4346 {orffa
250 4206 387 4279 Domine,
402 4207 578 4284 prevenisti.

82 4308 219 4446 iilelnpa
269 4367 298 4429 V.
319 4368 428 4429 Justns
440 4369 625 4448 germinabit.

91 4484 464 4536 wspnxsuatmmea
499 4488 525 4536 V.
541 4486 640 4534 Oantata
650 4487 759 4534 Domino.
788 4485 904 4546 Alleluye.
940 4482 965 4530 V.
982 4482 1128 4543 Fulgebunt·
