2804 4920
151 357 213 416 118
563 353 794 420 Orclinarinm
814 354 936 420 Missa.

145 526 199 577 tuo
212 520 270 578 tibi
283 520 401 597 placens
414 520 561 593 ascendat,
575 528 607 579 ct
620 541 714 580 meam
728 528 759 580 ct
773 523 904 580 omnium
919 522 1051 580 fidelium
1064 520 1191 579 salutem
1211 524 1346 599 operetur

144 607 294 659 aternam.
339 600 399 659 Per
412 602 572 660 Christum.

208 681 277 753 Quo
304 683 390 752 dicto,
418 692 538 759 reponat
563 681 696 754 Calicem,
720 693 747 741 et
774 685 916 759 cooperiat
942 704 1008 741 eura
1035 704 1101 742 eum
1129 680 1344 759 corporaliter,

140 772 290 838 portatque
315 784 424 839 partem
458 785 543 840 senior
571 764 745 840 Corporaliu
772 766 909 837 decenter,
937 775 1003 823 ante
1032 764 1160 823 Calicem
1194 764 1298 821 vinam
1322 770 1346 819 et

146 863 256 918 aquam
269 847 467 916 coutinentem,
480 855 505 901 et
519 846 660 903 osculetur
671 847 814 904 Pateuam
824 868 836 915 ,·
857 855 883 905 ct
896 855 1017 922 reponat
1030 866 1094 903 eam
1107 866 1127 901 a
1140 844 1252 902 electris
1264 862 1347 919 super

145 923 247 982 Altam
260 926 312 983 suli
327 925 540 1002 corporalitas,
552 947 663 1001 pirrum
677 928 865 1002 cooperiendo.
895 928 936 984 Et
946 937 1045 1003 postea
1058 935 1103 984 eat
1117 927 1157 983 cui
1170 925 1346 983 abluerulum

147 1025 254 1064 amnne
273 1026 364 1077 euar‚·
388 1016 414 1065 et
433 1008 468 1064 in
488 1009 582 1065 eumlo
603 1008 682 1065 (licat
703 1018 795 1065 totum
814 1009 965 1085 hymnum,
983 1008 1073 1079 Veni,
1088 1006 1222 1078 Creator,
1238 1013 1345 1081 accepto

153 1084 249 1157 Versa,
262 1087 384 1146 Dudum
398 1095 521 1160 sacrata,
536 1110 602 1147 cum
617 1089 713 1161 Versu,
726 1090 838 1148 Emitte
851 1090 989 1167 spiritum
1004 1096 1099 1160 tuum,
1109 1096 1140 1145 et
1153 1087 1345 1145 cresbuntru:

145 1172 177 1224 et
190 1171 346 1228 renovabis
359 1170 462 1227 hiciem
477 1177 571 1227 terrm.

207 1249 315 1309 Oratio.
359 1251 424 1310 Ure
449 1251 512 1326 igni
535 1250 638 1308 Sancti
661 1250 792 1327 Spiritus
815 1272 899 1309 rencs
926 1256 1041 1308 nostros
1068 1255 1098 1307 et
1125 1269 1176 1307 cor
1202 1254 1344 1321 nostrum,

147 1328 282 1398 Domine,
303 1339 338 1390 ut
362 1333 419 1389 tibi
443 1339 522 1389 costo
546 1352 665 1409 corpore
688 1334 859 1406 serviamus,
884 1340 914 1389 et
934 1332 1046 1390 mundo
1065 1331 1151 1389 corde
1170 1330 1343 1408 placeamus.

145 1409 205 1469 Por
219 1412 373 1471 Christum
387 1414 551 1471 Dominum
565 1421 708 1470 nostrum.

205 1493 310 1552 Postea
329 1503 490 1552 reuertatur
509 1494 543 1551 in
562 1495 692 1552 medium
705 1494 826 1566 Altaria,
841 1495 945 1553 stando
965 1503 992 1551 et
1011 1493 1231 1551 inclinandam
1243 1492 1287 1550 acl
1298 1489 1345 1549 Al·

146 1583 215 1646 tare,
231 1575 394 1651 conjunctis
407 1575 552 1647 rrurnibue,
567 1585 592 1633 et
606 1577 704 1633 dicat:

205 1655 245 1712 In
265 1657 372 1733 spiritu
394 1656 573 1713 humilitatis
593 1663 624 1714 et
644 1657 743 1713 animo
763 1658 891 1713 contrito
912 1656 1107 1732 suscipiamur
1120 1675 1139 1711 a
1152 1662 1192 1726 tc,
1208 1652 1343 1724 Domine,

144 1737 230 1795 etsie
243 1737 297 1794 fist
317 1738 492 1795 sacrificium
513 1744 656 1810 nostrum,
673 1743 708 1794 ut
721 1757 740 1794 a
752 1745 784 1795 te
802 1739 966 1815 sucipiatur
985 1737 1080 1808 hodie,
1096 1744 1127 1793 et
1146 1736 1262 1812 placeat
1282 1733 1345 1806 tihi,

146 1817 274 1876 Domino
289 1819 378 1876 Deus.
876 1833 882 1844 ·

206 1898 290 1958 Tum
313 1901 406 1975 eripat
425 1921 463 1971 ee,
484 1909 511 1957 et
531 1900 673 1957 osculetur
686 1899 787 1956 Altera
807 1921 827 1956 a
847 1899 948 1955 (lextra
965 1907 1050 1974 parte
1072 1896 1189 1956 Calicis.
1233 1897 1346 1956 Deinde

143 1988 236 2039 teneat
248 2002 357 2039 amnne
371 1981 571 2055 scraejrmctac
583 2001 675 2056 errpra
691 1980 821 2051 Calicem,
837 1989 863 2037 et
877 1981 974 2039 dicat:

204 2060 294 2133 Veni,
311 2063 511 2120 sanctificator
523 2062 717 2138 omnipotens,
732 2068 840 2119 uterne
855 2061 944 2118 Deus.

206 2141 291 2200 Tunc
304 2145 395 2218 er'sprzet
410 2144 543 2214 Calicem,
559 2144 656 2200 (licens
666 2163 676 2200 .·
736 2144 740 2152 ’

202 2222 380 2304 Βεηθᾲάίο,
397 2232 427 2283 et
440 2225 590 2282 sanctifica
605 2225 658 2282 hoc
672 2224 856 2294 sacrificium,
870 2222 948 2299 quod
962 2222 1018 2279 tihi
1032 2227 1077 2280 est
1090 2227 1305 2297 praeparatum:
1321 2228 1346 2279 et

142 2305 234 2380 sipreet
247 2305 379 2380 seipsam.
424 2306 463 2362 In
476 2307 595 2362 nomine
610 2305 709 2362 Patris
722 2313 753 2362 et
767 2304 839 2361 Filii
852 2313 882 2361 et
897 2304 1026 2380 Spiritus
1040 2303 1150 2361 Sancti
1195 2304 1304 2361 Amen.

204 2385 318 2443 Deinde
331 2395 422 2443 certast
435 2407 463 2444 re
477 2388 518 2443 orl
527 2385 681 2462 populum,
696 2395 722 2444 et
736 2387 814 2442 dicat
824 2410 834 2445 .-

203 2465 304 2538 Orate,
315 2467 476 2539 frat1·es‚ad
488 2468 659 2539 Dominum,
671 2474 707 2523 ut
718 2487 814 2524 meum
829 2466 941 2543 pariter
954 2472 984 2523 ct
994 2471 1126 2524 vestrum
1141 2464 1174 2521 in
1188 2471 1344 2541 conspectu

144 2545 267 2604 Domini
280 2557 431 2624 acceptum
446 2549 485 2606 sit
500 2549 683 2605 sacrificium.

202 2629 237 2687 Si
250 2629 400 2687 celebretur
408 2651 466 2705 pro
480 2630 632 2704 ‹teneret-ris,
649 2629 726 2686 dicat
736 2654 745 2687 .-

203 2711 302 2781 Oratc,
317 2712 429 2781 iratres,
446 2731 498 2786 pro
520 2711 655 2767 fidelibus
676 2710 831 2781 defunctis,
849 2715 884 2766 ut
904 2709 1033 2766 habeant
1046 2709 1140 2765 vitam
1162 2714 1194 2765 ot
1213 2708 1343 2784 requiem

141 2792 349 2868 sempiternum
364 2813 430 2849 cum
445 2792 571 2849 Christo.

202 2874 286 2930 Tum
305 2894 434 2930 racemus
454 2875 495 2929 mi
508 2873 609 2929 :litora
629 2880 735 2941 secrete,
759 2872 856 2929 dicat:
879 2871 1010 2928 Oremus.
1055 2869 1167 2926 Deinde
1193 2870 1273 2927 dicat
1292 2867 1343 2927 erit

139 2953 253 3011 silentio
267 2954 401 3025 Serretes,
418 2955 512 3011 eodem
534 2955 617 3010 modo
638 2962 664 3010 et
684 2953 785 3009 ordine
806 2974 861 3026 (prro
884 2952 1012 3009 Collectce
1036 2951 1119 3007 elicta
1134 2951 1257 3025 succinet
1277 2960 1343 3007 irrite

142 3034 310 3109 Epistrrlarre.
356 3035 468 3105 Quibus
495 3036 590 3106 (lictis,
608 3044 702 3109 ponat
729 3054 836 3090 nect-nus
863 3054 949 3107 super
973 3031 1084 3103 Altero,
1108 3041 1134 3088 ct
1161 3033 1243 3090 dicat
1265 3032 1344 3089 Prce·

131 3114 281 3189 sationem

202 3196 358 3252 Dominica
374 3197 476 3270 primu
497 3196 531 3251 in
545 3196 680 3251 zltlmntu
699 3196 828 3265 Domini,
850 3203 875 3250 ct
895 3194 963 3251 irule
983 3215 1073 3268 iraque
1094 3195 1135 3250 ad
1149 3192 1343 3250 Nativitatem

140 3274 270 3343 Domini,
282 3284 342 3331 tam
352 3276 386 3331 in
396 3277 558 3333 Dorm'nicis
568 3297 656 3351 qrctrm
670 3277 807 3333 interiise
820 3276 938 3350 qrianclo
953 3277 987 3332 <le
997 3276 1093 3332 Feriis
1106 3276 1217 3347 capitia,
1226 3275 1344 3332 dieat-ur

143 3354 281 3429 Fraglata
300 3357 481 3429 qrcotidiana,
498 3358 601 3414 scilicet
623 3358 681 3414 Per
695 3378 782 3432 quem
797 3357 988 3431 nurjostatcm.
1032 3356 1072 3411 Et
1087 3358 1186 3413 eadem
1201 3355 1343 3431 Praefatio

139 3436 257 3492 dicatur
284 3435 317 3491 in
337 3435 561 3510 h'eptrmpcsima,
584 3448 609 3494 et
633 3439 666 3493 in
690 3438 850 3495 Dominicis
874 3438 942 3494 inde
966 3456 1056 3511 risque
1079 3437 1121 3493 acl
1142 3438 1253 3494 liarnos
1272 3435 1343 3494 Pal·

139 3536 277 3583 marum,·
298 3525 324 3572 et
344 3516 377 3572 in
398 3516 561 3574 Dominicis
583 3519 657 3574 inter
679 3519 924 3592 Pirriricntiouem,
947 3528 972 3575 et
993 3520 1027 3574 in
1041 3517 1144 3587 Feriis,
1167 3520 1287 3592 arraudo
1308 3518 1343 3575 cle

138 3596 227 3653 Feria
245 3598 353 3670 cipitur,
369 3597 404 3654 ul>
421 3597 534 3654 (laturis
548 3599 724 3673 Epiplmnica
741 3621 831 3674 risque
849 3600 889 3656 cul
904 3598 1022 3655 Feriam
1037 3608 1175 3672 aaronem
1188 3600 1222 3655 in
1238 3598 1342 3675 Capite

137 3676 275 3752 er‘rrrrii;
296 3687 322 3733 et
336 3678 369 3733 in
383 3678 484 3734 Missis
495 3679 727 3737 Dominicalibns
741 3701 805 3754 qum
818 3683 851 3738 in
863 3680 959 3738 Feriis
975 3680 1160 3750 celebrantur,
1176 3681 1213 3736 ah
1226 3679 1343 3738 Octavio

139 3757 297 3815 Trinitatis
317 3778 407 3831 resque
426 3759 467 3813 ad
487 3760 673 3829 Admittunt,-
708 3770 732 3817 et
759 3761 793 3817 in
820 3762 952 3818 erroribus
972 3762 1066 3818 Fertis
1086 3761 1265 3818 Sanctorum
1286 3781 1343 3837 per

136 3859 261 3908 anrrirrn,
277 3839 333 3895 sire
351 3838 410 3894 sint
429 3858 527 3895 rumam
541 3841 709 3897 Lectionum
722 3841 780 3897 aire
794 3842 886 3898 trium
900 3843 1068 3899 Lectionum
1079 3863 1090 3908 ,·
1112 3852 1138 3898 et
1149 3864 1203 3917 per
1218 3842 1342 3901 Oetaeas

136 3940 320 3991 commeruit
334 3918 513 3991 contipcrint,
524 3929 549 3975 et
563 3922 597 3976 cle
611 3919 715 3995 eissiat
724 3922 890 3989 ser·ritinrn,·
908 3923 969 3979 nisi
982 3924 1015 3979 in
1025 3923 1053 3979 F
1051 3924 1117 3980 terh
1126 3924 1214 3980 heatae
1222 3923 1340 3991 Maria,

135 4011 241 4060 sancta
256 3998 367 4069 Crucr's,
380 3998 590 4073 Apostolorum,
605 4009 630 4056 et
645 4000 901 4074 lloanpclistarmn
911 4026 921 4071 ,·
943 4012 968 4060 et
983 4004 1015 4059 in
1029 4005 1163 4061 omnihus
1177 4023 1341 4061 coveniente-

136 4080 306 4151 rationibus,
329 4081 390 4138 reici
414 4080 446 4135 in
467 4081 729 4137 conrnmmoratione
751 4082 865 4139 Sancta
887 4084 1051 4154 Trinitatis,
1073 4085 1178 4143 Sancti
1197 4084 1339 4160 Spiritus,

134 4173 241 4222 sancta
256 4162 368 4231 Graecis,
383 4170 408 4217 et
423 4160 510 4217 bercta
524 4158 637 4217 Maria.
680 4162 822 4219 Similiter
835 4164 944 4221 (licitur
957 4165 1016 4222 lrac
1030 4165 1173 4240 Prafatio
1192 4166 1226 4222 in
1248 4164 1342 4223 tribas

134 4245 233 4303 diebus
247 4244 406 4301 Feriarum
419 4240 626 4316 lioqationum,
641 4250 666 4296 et
680 4242 713 4297 in
728 4243 833 4316 l‘iyiliu
842 4245 1064 4321 assumptionis,
1082 4256 1107 4303 ct
1121 4247 1154 4303 in
1168 4247 1274 4305 siliceis
1281 4266 1340 4322 pro

134 4324 298 4401 Desumtic.

193 4406 244 4464 Ad
262 4407 416 4464 dicendam
434 4402 478 4461 ecl
497 4401 676 4459 cantandam
691 4400 894 4476 Prasatr'onem
910 4406 1001 4477 crispat
1017 4427 1045 4464 se
1059 4406 1200 4466 Sacerdos
1215 4408 1337 4475 limante,

134 4496 160 4547 rt
169 4495 262 4564 portat
276 4507 384 4546 neantes
395 4505 483 4561 super
496 4482 598 4540 Altore
612 4502 645 4539 ca
658 4492 782 4557 utraque
791 4495 877 4558 parte
892 4486 1007 4557 Calicis,
1024 4497 1049 4544 et
1063 4488 1143 4545 dicat
1157 4489 1210 4547 hoc
1222 4486 1326 4546 modo:
