2806 4920
503 366 617 434 Misso
633 388 701 454 pro
721 366 905 455 Defendit
1236 370 1301 434 485

166 535 408 596 Postcommunio.

164 617 291 694 Sumpta
323 622 513 688 sacramenta,
541 634 716 691 quaesumus,
744 614 882 687 Domine,
909 615 1007 674 omnis
1040 615 1165 674 crimina
1199 623 1302 675 nostra

101 698 279 776 detergant,
304 715 480 773 omnemque
503 697 681 773 pravitatem
703 704 733 754 et
753 696 959 755 infirmitatem
978 716 1030 755 seu
1050 697 1143 755 etiam
1162 697 1301 755 hostilem

100 779 359 857 impugnationem
364 777 507 836 risibilem
518 783 550 834 et
558 777 746 848 invisibilem,
753 784 843 854 atque
852 778 1037 836 subitaneam
1046 778 1301 850 mortem,meritia

102 861 199 918 beatae
227 860 285 917 Dei
319 858 475 936 genetricis
500 877 671 935 semperque
698 859 822 934 virginis
857 858 962 916 Mariae
993 859 1185 937 omniumque
1220 878 1301 917 sauc-

102 948 214 1013 torum,
235 960 254 998 a
273 940 359 997 nobis
378 939 480 1016 procul
500 938 663 1017 repellaut;
686 946 718 996 et
738 939 875 997 omnibus
895 939 1030 997 fidelibus
1051 938 1228 999 Christianis
1247 958 1300 998 seu

100 1022 195 1080 etiam
208 1021 323 1079 cuncus
336 1019 532 1078 familiaribus
551 1020 660 1078 nostris
678 1020 755 1077 vivis
772 1039 806 1078 uc
824 1019 970 1078 defunctis
989 1021 1105 1096 prosint
1118 1022 1156 1079 ad
1170 1021 1298 1091 veniam,

102 1122 157 1178 pro
170 1121 298 1179 quorum
311 1120 494 1178 quarumque
507 1101 563 1158 tibi
581 1108 653 1158 sunt
666 1100 766 1158 oblata
778 1100 881 1158 salute.
924 1101 983 1159 Per
995 1101 1121 1159 eundem
1136 1102 1299 1160 Dominum

104 1189 249 1242 nostrum

489 1330 574 1387 Ama
593 1329 713 1388 Oaano
734 1327 920 1388 Gununauis.

166 1476 366 1536 Sanctissimae
383 1474 441 1534 Dei
458 1475 613 1552 genetricis
631 1494 804 1551 semperque
824 1475 949 1552 virginis
968 1474 1080 1548 Mariis,
1097 1484 1128 1534 et
1148 1477 1300 1536 beatarum

103 1560 238 1619 omnium
255 1557 415 1615 caelestium
428 1556 583 1626 virtutum,
598 1563 767 1613 sanctorum
781 1575 898 1632 quoque
912 1556 1153 1633 patriarcharum,
1166 1559 1302 1636 prophet

103 1660 200 1712 arum,
224 1638 431 1715 apostolorum,
453 1643 626 1713 martyrum,
645 1635 851 1709 consessorum,
871 1644 961 1713 atque
981 1637 1139 1713 virgiuum,
1158 1642 1302 1697 omnium·

103 1741 162 1799 que
183 1720 273 1778 simiss
293 1727 470 1790 sanctorum,
485 1736 659 1794 quaesumus,
679 1717 864 1793 omnipotens
878 1717 971 1791 Deus,
985 1718 1099 1775 meritis
1118 1726 1150 1777 et
1168 1721 1301 1796 precibus

104 1804 248 1880 placatus,
266 1801 364 1857 tribue
388 1800 471 1857 nobis
495 1798 723 1856 miscricordiam
744 1805 845 1870 tuam3
866 1805 897 1855 et
917 1798 955 1855 da
974 1799 1083 1875 populo
1104 1807 1156 1857 tuo
1176 1801 1301 1859 iuviola-

97 1884 198 1955 bilem
218 1881 287 1938 fidei
307 1880 477 1938 firmitatem
501 1886 532 1937 et
554 1898 672 1955 pacem;
702 1878 809 1956 repelle
833 1899 851 1935 a
874 1879 959 1936 nobis
983 1879 1105 1952 bostem,
1130 1880 1245 1953 famem,
1271 1890 1302 1941 et

104 1971 230 2042 pestem,
244 1969 275 2020 et
295 1981 411 2019 omnem
430 1960 651 2017 immunditiam
659 1979 669 2031 3
688 1959 727 2016 de
743 1959 827 2017 nobis
847 1960 879 2016 in
899 1966 952 2016 tua
972 1961 1084 2018 virtute
1103 1964 1302 2021 constentiam

103 2053 135 2104 et
150 2042 379 2114 fortitudinem
399 2041 528 2099 immitte
540 2041 674 2098 hostibus
687 2041 797 2098 nostris
811 2040 998 2097 formidinem
1012 2048 1042 2098 et
1056 2041 1302 2114 invalitudinem

104 2125 239 2185 retribue
259 2123 394 2182 omuibus
412 2122 496 2179 nobis
512 2124 589 2178 bona
606 2121 782 2178 iacientibus
796 2122 865 2178 vitae
880 2128 996 2179 aeternae
1012 2121 1245 2196 beatitudinem
1264 2124 1303 2182 da

104 2205 235 2265 inimicis
255 2205 365 2261 nostris
383 2210 414 2261 et
431 2203 673 2280 persequentibus
694 2221 747 2259 nos
769 2204 998 2279 recognitionem
1018 2211 1049 2260 et
1068 2203 1284 2279 indulgentiam
1294 2225 1303 2277 ;

103 2285 233 2347 concede
254 2285 401 2342 defunctis
421 2284 529 2340 nostris
552 2289 584 2340 et
607 2283 743 2340 omuibus
767 2283 799 2339 in
821 2283 940 2340 Christo
964 2284 1181 2361 quiescentibus
1201 2286 1301 2343 remis·

102 2369 220 2428 sionem
233 2366 365 2423 omnium
378 2371 563 2443 peccatorum
576 2372 607 2421 et
621 2363 752 2440 requiem
765 2364 982 2440 sempiternam.
1026 2365 1084 2423 Per
1097 2367 1230 2424 eundem.

165 2457 286 2521 Smin

167 2543 210 2600 Iu
223 2545 380 2617 conspectu
393 2539 501 2596 divinar
515 2537 677 2613 majestatis
691 2544 758 2608 tuae,
772 2558 949 2614 quaesumus,
960 2540 1145 2616 omnipotens
1157 2541 1250 2612 Deus,
1263 2541 1307 2598 in·

105 2621 277 2682 tercedente
299 2620 358 2678 Dei
379 2619 525 2697 genetrice
545 2638 716 2695 semperque
738 2618 838 2676 Maria
858 2639 923 2677 cum
945 2620 1039 2677 beatis
1060 2621 1197 2678 omnibus
1211 2621 1305 2679 cceles-

103 2706 188 2764 tibus
202 2701 373 2772 virtutibus,
384 2701 494 2758 sanctis
507 2719 623 2777 quoque
636 2699 821 2776 patriarchis,
832 2700 981 2776 apostolis,
993 2701 1180 2777 martyribus,
1195 2701 1305 2760 confes·

103 2787 232 2855 auribus,
246 2782 411 2860 virginibus
423 2787 513 2858 atque
526 2781 663 2838 omnibus
676 2781 786 2837 sanctis
799 2781 861 2837 tuis
873 2781 1133 2852 intercedentibus,
1142 2781 1305 2840 oblationes

105 2873 216 2925 nostrae
240 2869 271 2921 et
292 2882 391 2940 preces
413 2861 604 2939 acceptabiles
627 2860 804 2933 ascendant;
831 2867 862 2918 et
885 2867 938 2918 tua
958 2861 1166 2937 propitiatione
1186 2863 1304 2920 veniam

105 2948 192 3005 nobis
207 2952 237 3002 et
250 2963 350 3022 pacem
364 2943 480 3014 tribue;
500 2943 620 3010 hostem
635 2941 751 3013 famem,
767 2948 799 2999 et
811 2949 922 3018 pestem
937 2962 955 2998 a
968 2941 1052 2999 nobis
1066 2943 1172 3018 repelle
1184 2963 1192 3016 ;
1205 2942 1303 3016 fidem,

106 3047 200 3106 spem,
223 3033 256 3083 et
278 3025 431 3082 caritatem
451 3024 537 3080 nobis
560 3022 666 3099 largire
676 3042 685 3094 ;
715 3022 883 3080 defensione
903 3030 957 3080 tua
977 3041 1030 3078 uos
1050 3041 1164 3100 semper
1183 3024 1305 3082 circum·

106 3116 194 3186 tege,
207 3105 339 3164 hostium
351 3112 520 3162 nostrornm
534 3103 701 3180 superbiam
715 3109 746 3160 et
760 3104 903 3160 virtutem
917 3110 1054 3177 contere,
1070 3104 1207 3161 omnibus
1219 3105 1307 3163 nobis

106 3186 375 3248 benefacientibus
388 3185 491 3263 gratiss
511 3191 571 3243 tuae
592 3185 804 3242 abundantiam
825 3184 924 3241 tribue
932 3205 941 3256 ;
962 3183 1161 3243 discordantes
1174 3185 1213 3244 ed
1227 3187 1307 3277 pacis

105 3271 220 3329 bonum
233 3273 390 3341 converte,
403 3265 547 3324 defunctis
560 3265 669 3323 nostris
682 3267 813 3342 requiem
827 3271 968 3322 aetemum
981 3265 1115 3339 concede,
1126 3273 1157 3324 et
1169 3268 1307 3327 omnibus

105 3350 246 3410 fidelibus
257 3349 318 3407 tuis
331 3348 426 3405 vitam
440 3353 580 3404 estensem
593 3345 707 3422 largire.
751 3346 810 3403 Per
822 3346 957 3403 eundem.

167 3440 409 3501 Postconnnunio.

167 3523 227 3582 Per
240 3522 329 3598 hujus
342 3520 516 3579 sacramenti
529 3520 703 3596 mysterium
716 3525 807 3594 atque
821 3519 974 3593 virtutem,
989 3541 1163 3598 quesumus,
1178 3522 1307 3581 Domine

106 3606 191 3664 Deus
209 3610 311 3661 noster
330 3602 523 3678 omnipotens,
546 3601 730 3658 sanctissima
754 3600 812 3658 Dei
831 3602 980 3677 genetrice
1002 3621 1172 3680 semperque
1193 3602 1307 3679 virgine

105 3686 208 3746 hieria
217 3693 249 3743 et
259 3683 353 3742 beatis
366 3682 504 3741 omuibus
514 3681 680 3740 celestibus
691 3682 855 3739 virtutibus
868 3684 979 3741 sanctis
992 3703 1108 3759 quoque
1122 3683 1306 3759 patriarchis,

106 3766 270 3846 prophetis,
284 3763 433 3842 apostolis,
447 3763 638 3840 martyribus,
653 3763 875 3836 consessoribus,
887 3771 918 3822 et
933 3764 1104 3840 virginibus,
1116 3773 1205 3839 atque
1218 3763 1308 3822 simul

104 3847 246 3908 omnibus
266 3845 376 3904 saumis
395 3845 456 3904 tuis
475 3844 734 3915 intercedentibus,
748 3845 890 3901 vitiorum
911 3852 1078 3902 nostrorum
1098 3844 1220 3903 maculis
1232 3843 1309 3904 dele

104 3936 206 4001 autur,
222 3934 255 3986 et
266 3946 367 4005 preces
386 3934 494 3985 nostru
509 3925 541 3983 in
555 3933 711 4001 conspectu
732 3925 896 4001 majestatis
910 3931 969 3982 tuae
982 3924 1175 4002 acceptabiles
1193 3925 1309 3984 inveni-

104 4017 216 4082 antur3
242 4009 369 4086 populus
388 4014 459 4066 tuus
479 4026 497 4064 a
516 4007 643 4083 peccatis
663 4013 693 4063 et
713 4006 848 4063 hostibus
868 4005 1018 4077 liberetur,
1040 4005 1109 4064 fidei
1129 4006 1308 4066 rectitudine

104 4092 264 4150 roboretur
274 4109 284 4163 ;
320 4088 451 4147 hostium
486 4095 653 4145 nostrorum
687 4088 825 4164 superbia
854 4093 885 4144 et
918 4086 1062 4144 firmitudo
1082 4093 1288 4163 prosternatur
1299 4107 1308 4160 ;

104 4171 278 4252 pestilentia
296 4178 328 4229 et
347 4169 440 4227 fames
460 4168 561 4245 procul
582 4167 750 4245 pellantur3
770 4168 848 4225 bona
868 4167 953 4224 nobis
973 4167 1113 4225 facientes
1132 4168 1235 4245 gratim
1248 4174 1307 4226 tua

104 4253 292 4313 abundantia
313 4251 501 4328 repleantur;
540 4248 740 4307 discordantes
762 4250 792 4305 in
808 4250 968 4305 fraternam
991 4268 1090 4324 paoem
1119 4256 1311 4321 revocentur;

104 4334 238 4394 defuncti
253 4333 348 4391 nostri
368 4332 499 4409 requiem
520 4336 737 4405 cousequantur
747 4349 756 4401 ;
776 4335 807 4386 et
826 4349 927 4386 omues
947 4329 1047 4386 fideles
1067 4329 1112 4387 tui
1133 4331 1226 4388 vitam
1247 4348 1310 4408 per-

103 4422 229 4494 petuam
247 4414 372 4492 adipisci
391 4417 568 4471 mereantur.
613 4411 671 4469 Per
691 4410 863 4471 Dominum.
908 4410 967 4481 Qui
980 4420 1087 4471 tecum.
1130 4410 1169 4468 In
1183 4411 1308 4470 unitate.

105 4495 169 4557 Per
182 4495 289 4556 omnia.
