2806 4920
114 295 180 357 418
238 335 243 343 -
503 285 681 373 Suffrepiu
704 286 920 357 Ommuniu.

114 456 152 516 de
164 457 302 515 manibus
314 455 500 514 inimieorum
517 453 621 512 (li-imis
640 454 758 532 eripias,
772 460 805 512 et
817 473 883 512 eam
895 453 929 512 in
943 453 1117 512 Christiana
1129 454 1273 532 religione
1282 455 1312 512 in

115 538 175 597 Dei
187 539 306 596 nomine
319 555 492 596 eouservare
504 535 652 594 eouoedns
695 535 761 596 Per.

175 700 367 771 Sacrificium,
389 697 527 770 Domine,
548 696 628 773 quod
649 695 838 755 immolamus
864 696 996 769 intende,
1020 716 1055 756 ae
1082 705 1311 792 prppuguatore

113 786 181 838 tuos
200 782 239 839 ab
258 744 388 837 hostiuin
409 779 594 855 malignitate
614 778 770 850 custodies,
783 777 861 836 etin
874 784 935 835 tuae
950 778 1145 856 protectionis
1158 781 1311 839 securitate

113 880 274 923 conserves
318 860 384 918 Per.

173 940 417 1000 Poeteommunio.

174 1023 331 1081 Protector
351 1029 460 1091 noster,
473 1022 579 1100 sepios,
594 1020 687 1092 Deus,
707 1026 739 1079 et
760 1018 862 1078 fideles
883 1026 952 1078 tuoe
973 1021 1012 1078 eb
1034 1020 1170 1079 bostium
1193 1021 1310 1080 deiende

112 1103 270 1181 perieulis,
291 1111 327 1160 ut
339 1103 378 1160 ab
387 1103 470 1161 omni
481 1102 704 1179 perturbatione
714 1101 832 1173 remoti,
845 1100 939 1159 libera
951 1102 1009 1160 tibi
1022 1110 1123 1160 mente
1136 1103 1308 1161 deserviant

114 1185 181 1244 Per.

416 1288 535 1348 Οιιιιιο
555 1304 692 1347 memus
711 1304 833 1346 cornua
853 1286 1006 1346 Panisos

175 1370 285 1430 Oratio.

173 1451 369 1528 Omnipotens
391 1451 568 1526 sempiterne
589 1450 680 1520 Deus,
702 1448 734 1506 in
754 1449 838 1525 eujus
859 1468 951 1506 mauu
971 1455 1044 1506 sunt
1065 1453 1204 1508 omnium
1223 1459 1309 1529 pote·

110 1538 189 1590 tates
202 1539 232 1591 et
245 1533 378 1589 omnium
394 1533 466 1608 jure
485 1550 651 1608 regnorum,
666 1531 777 1607 ruspioe
789 1530 829 1588 ad
848 1530 994 1588 auxilium
1016 1530 1265 1604 Christinnomm,
1277 1540 1308 1590 ιιι

109 1621 214 1691 gentes
234 1612 432 1686 Pagenorum,
446 1631 511 1689 quae
525 1613 558 1669 in
571 1631 625 1670 sua
644 1611 763 1670 feritate
782 1611 945 1683 oonfidunt,
960 1611 1091 1671 dextere)
1104 1620 1167 1670 tue
1180 1614 1308 1691 potentia

110 1694 350 1771 comprimentur.
393 1691 460 1751 Per.

170 1775 292 1832 Secreta

170 1855 361 1928 Sacrificium,
384 1854 522 1926 Domine,
543 1854 624 1930 quod
647 1852 842 1923 immolamus,
868 1853 998 1917 intende.
1020 1860 1057 1911 ut
1081 1863 1307 1933 propugnatores

108 1941 176 1993 tuos
189 1938 227 1993 ab
241 1937 322 1993 omni
336 1956 428 1994 exues
448 1935 635 2012 Peganorum
654 1935 798 2012 nequitia,
813 1942 844 1992 et
864 1934 898 1993 in
917 1943 977 1993 tiiae
996 1936 1194 2012 protectionis
1206 1938 1306 1995 secun·

108 2023 172 2074 tate
185 2018 354 2077 constituae
397 2016 464 2075 Per.

168 2098 410 2156 Poetoommunio.

169 2177 324 2237 Protector
344 2185 444 2237 noster
463 2178 568 2255 aspioe,
586 2177 678 2249 Deus,
693 2184 725 2236 et
743 2182 976 2255 propugnatores
993 2184 1062 2237 tuos
1082 2199 1101 2237 a
1122 2178 1305 2274 Pagauorum

107 2257 230 2318 defende
264 2260 410 2336 periculis,
444 2268 481 2317 ut
514 2260 553 2317 ab
585 2259 724 2317 omuibus
757 2259 1029 2335 perturbationibus
1062 2262 1182 2333 remoti,
1211 2261 1304 2319 liberis

106 2341 257 2398 mentibus
270 2341 518 2398 tibideservieut
561 2338 628 2398 Per.

504 2531 570 2588 Pso
592 2530 691 2589 Prsrs
710 2532 908 2592 Anrrramurr.

169 2611 278 2670 Οιαιίο.

164 2694 255 2762 Deus,
264 2694 316 2769 qui
327 2693 476 2750 laboribus
484 2693 637 2749 bominum
646 2694 735 2750 etiam
745 2693 781 2750 de
789 2695 880 2751 mutis
889 2695 1065 2754 animalibus
1075 2698 1184 2757 solatia
1192 2701 1303 2775 subrog-

105 2775 183 2846 asti,
203 2776 348 2851 supplices
367 2784 396 2831 te
414 2795 559 2849 rogemus,
580 2782 616 2829 ut
632 2775 695 2831 sine
716 2776 824 2849 quibus
843 2795 903 2832 non
917 2777 1010 2835 ulitur
1023 2779 1155 2837 humana
1169 2782 1300 2849 conditio,

105 2857 214 2913 uostris
228 2857 317 2913 facins
331 2858 432 2913 usibus
447 2876 506 2912 non
520 2857 623 2930 perire.
670 2855 725 2912 Per
739 2856 912 2914 Dominum.

165 2940 285 2995 Secreta.

165 3018 329 3075 Subveniet
350 3018 441 3087 nobis,
471 3017 608 3087 Domine,
637 3037 813 3091 quaesumus,
842 3019 976 3075 sacrificii
995 3024 1150 3095 praesentis
1178 3025 1285 3080 oblatio
1293 3043 1300 3091 ;

104 3117 170 3174 quae
184 3119 237 3155 nos
254 3105 284 3156 et
305 3100 342 3156 ab
361 3100 509 3155 erroribus
529 3098 673 3154 universis
695 3106 832 3174 potenter
853 3099 993 3170 absolvat,
1009 3112 1040 3157 et
1061 3124 1079 3159 e
1093 3106 1188 3161 totins
1202 3107 1300 3180 eripiat

103 3180 278 3255 perditionis
301 3182 428 3249 incursu,
451 3188 486 3236 ut
509 3186 540 3235 et
561 3180 709 3251 animalia,
735 3200 801 3255 quae
824 3182 926 3237 usibus
947 3184 1056 3239 nostris
1080 3187 1228 3257 serviunt,
1253 3196 1298 3243 tua

103 3261 238 3336 potentia
252 3261 421 3317 liberentur.
465 3261 706 3318 PerDominum

165 3341 407 3398 Posteommunio.

165 3424 289 3490 Aierte,
308 3423 441 3490 Ι)ιιιιιιιι,
457 3442 632 3497 qnaesumnS,
648 3442 701 3497 per
720 3422 782 3479 haeo
803 3430 905 3480 saneta
925 3444 990 3500 quae
1008 3428 1199 3500 sumpsimus,
1215 3450 1233 3486 a
1246 3428 1300 3486 tuis

104 3502 240 3559 fidelibus
254 3511 373 3558 cunctos
388 3504 543 3558 miseritus
557 3524 621 3559 erro
623 3523 682 3572 res,
701 3510 732 3559 et
746 3504 932 3560 saen'eneium
948 3507 1117 3563 morborum
1119 3529 1234 3585 ‚quae.‚
1218 3530 1300 3567 “rese-

104 3593 173 3640 atur
191 3585 222 3640 iu
237 3583 385 3648 animalia
401 3584 514 3656 depello
529 3584 707 3659 perniciem
729 3591 765 3640 ut
778 3604 851 3660 quos
865 3605 918 3642 suo
932 3588 1038 3644 merito
1052 3588 1184 3665 flagelles
1198 3592 1299 3659 desios,

104 3666 204 3723 foreas
218 3672 271 3721 tus
285 3664 472 3721 miserat-ione
486 3673 636 3721 correctos
681 3665 740 3722 Per
753 3664 923 3723 Dominum.

520 3848 585 3906 Pno
607 3850 683 3906 Irsn
703 3850 892 3909 Aomrmus

165 3933 274 3991 Oratio.

164 4015 286 4083 Adeste,
303 4013 438 4081 Domine,
454 4012 718 4087 supplicationibus
732 4013 849 4080 uostris,
859 4020 889 4069 et
898 4013 978 4069 viam
987 4023 1016 4071 et
1029 4024 1114 4072 aetus
1128 4018 1299 4077 famulorum

102 4102 222 4152 tuorum
238 4096 267 4150 in
283 4093 386 4150 siletis
401 4101 460 4149 tuae
474 4094 667 4168 prosperitate
681 4094 817 4168 dispone,
839 4105 874 4150 ut
896 4096 974 4150 inter
987 4116 1088 4153 omnes
1102 4098 1193 4173 hujus
1208 4103 1261 4158 vie
1274 4114 1300 4157 et

102 4178 171 4233 ritae
187 4176 352 4244 varietates,
369 4187 419 4231 tuo
434 4195 547 4250 sempor
562 4182 755 4250 proteguntur
768 4175 888 4232 auxilio.
932 4175 990 4232 Per
1004 4178 1176 4239 Dominum.

164 4257 286 4314 Smcreta

164 4339 266 4395 Ριιιι
206 4348 266 4413 ιιιιιι
270 4340 337 4407 ιι,ιιι
356 4337 491 4405 Domine,
507 4336 771 4412 supplicationibus
791 4338 908 4408 nostrie,
929 4345 958 4395 et
979 4338 1031 4396 has
1052 4341 1218 4401 oblationes
1236 4364 1304 4422 quas

100 4419 156 4477 tibi
179 4420 328 4476 offerimus
353 4438 405 4495 pro
431 4383 549 4475 famulis
574 4421 634 4474 tuis
657 4419 801 4496 benignus
819 4438 953 4491 essume3
974 4430 1009 4477 ut
1034 4423 1114 4480 viam
1137 4425 1257 4485 illorum
1276 4433 1304 4485 et
