2804 4920
169 291 245 384 ξ360
617 314 941 384 reaumaus.

308 517 421 578 θήσει
442 518 600 594 Enuurnr,
623 536 712 578 nucu
733 536 771 579 rr
790 536 953 578 narrum
997 517 1062 597 (xii.
1079 516 1153 577 Kal.
1169 517 1259 595 Dec.)

241 628 381 707 Officium.
424 632 589 693 Loetabitur
597 635 705 712 justus

169 744 172 749 ·
244 713 354 773 Oratio.

240 793 331 866 Deus,
357 795 514 853 ineffabilis
531 796 747 869 misericordie,
762 797 814 874 qui
839 795 1041 854 beatissimum
1065 812 1166 872 regem
1190 789 1366 850 Edmundun

180 873 313 933 tribuisti
327 895 380 951 pro
394 881 447 933 tuo
461 878 580 935 nomine
598 878 752 936 inimicum
772 877 925 936 moriendo
945 878 1072 949 vincere,
1086 874 1214 933 concede
1235 871 1366 963 propitius

180 955 249 1013 huic
273 956 391 1013 familie
418 963 486 1030 tuae,
506 964 541 1015 ut
565 978 599 1016 eo
623 959 839 1018 interveniente
861 966 1010 1016 mereatur
1030 957 1064 1015 in
1087 975 1119 1014 ee
1143 954 1264 1032 antiqui
1285 952 1361 1010 hortu

180 1036 374 1094 incitamenta
387 1039 552 1115 superando
566 1041 762 1116 exstinguere.
804 1040 870 1099 Per.

240 1117 383 1193 sppmtola.
427 1119 539 1178 Beatus
551 1121 607 1191 vir,
622 1123 674 1198 qui
688 1122 829 1179 inventus
842 1126 896 1179 eet.

243 1197 379 1258 eradat.
422 1200 561 1274 Posuisti,
577 1202 712 1260 Domina
957 1218 959 1223 ’

239 1278 391 1356 Alleluya
440 1281 469 1340 V.
492 1282 659 1342 Laetabitur
667 1285 777 1359 justus.

241 1359 405 1436 Sequentia.

332 1443 438 1501 Omnia
451 1443 582 1501 fidelium
596 1444 728 1502 Ecclesia

332 1522 484 1581 Christum
498 1524 645 1583 collaudet
658 1525 712 1583 hac
726 1524 774 1583 die
787 1524 866 1583 clara
877 1545 883 1582 :

329 1603 369 1662 In
384 1624 442 1682 qua
456 1605 592 1681 despecte
605 1612 636 1664 et
650 1605 762 1663 calcata
775 1606 845 1663 vitre
860 1604 987 1663 labentis
1000 1603 1095 1679 gloria

330 1684 382 1742 Ad
397 1705 589 1761 permansura
602 1686 770 1745 sublevavit
784 1705 882 1763 regem
896 1684 1088 1743 Edmundum
1101 1683 1217 1761 gaudia

331 1764 393 1823 Hic
407 1786 534 1843 namque
548 1768 702 1844 magnifica
715 1773 804 1825 natus
817 1787 856 1824 ex
869 1767 1003 1843 prosapia

321 1845 491 1925 ‘Magnifice
505 1867 632 1924 superna
645 1849 750 1925 plenus
763 1849 843 1905 vixit
856 1848 960 1925 gratia,

330 1926 421 1985 Juste
434 1935 587 1987 mansuete
600 1929 638 1986 ab
651 1930 716 2006 ipsa
728 1928 834 1987 vivens
847 1928 985 2000 infantia,

332 2008 452 2067 Christo
465 2009 572 2068 devote
585 2010 753 2068 adhaerebat
766 2030 819 2086 per
833 2009 939 2067 omnia

332 2088 504 2165 Praepotens
517 2091 550 2147 in
564 2091 674 2149 mundo
688 2091 839 2148 mundana
851 2089 993 2167 sprevit*
1007 2095 1099 2167 atque
1110 2088 1174 2148 sola

332 2168 407 2227 Fide
421 2170 533 2229 ditatus
547 2172 696 2229 ambiebat
709 2171 842 2230 caelestia

332 2249 399 2318 Qua
413 2251 559 2310 debellata
572 2253 750 2329 perfidorum
764 2253 880 2310 insania

332 2329 419 2388 Felix
432 2332 630 2409 triumphavit
642 2333 730 2391 hodie
743 2339 846 2391 vectus
859 2332 897 2390 ad
910 2338 999 2390 astra.

332 2410 439 2470 Hostis
453 2413 556 2484 instat,
570 2421 605 2472 ut
618 2421 789 2487 consumat3

331 2492 354 2551 J
355 2511 421 2551 esus
435 2494 541 2565 obstat,
557 2501 588 2552 et
601 2502 771 2572 expugnat3

332 2573 439 2631 Hostis
453 2577 623 2651 prosternit,
635 2596 688 2633 nec
703 2584 802 2633 tamen
816 2581 953 2651 superat3

333 2655 451 2732 Martyr
465 2658 619 2726 occumbit,
635 2665 665 2713 et
679 2665 778 2714 tamen
792 2656 964 2733 triumphat.

333 2736 359 2792 0
374 2737 551 2811 singularem
567 2738 624 2795 Dei
639 2739 819 2813 potentium!

332 2817 358 2874 Ο
374 2818 481 2874 divium
497 2819 616 2893 pietatis
631 2819 844 2893 predicandam
859 2818 1004 2893 gratiam!

332 2897 389 2954 cui
404 2900 561 2955 morientes
576 2901 683 2956 vivunt
697 2907 785 2975 utque
799 2898 976 2955 famulantes
991 2905 1123 2974 regnant.

332 2977 358 3035 Ο
374 2999 462 3054 (luam
476 2980 616 3054 praeclaru
630 2981 687 3036 viri
703 2981 844 3037 victorin:

332 3058 359 3116 0
374 3061 496 3117 virtutis
510 3061 642 3135 gloriosae
656 3061 780 3136 gloriosa
795 3061 922 3136 praemia

332 3139 393 3197 Hic
407 3141 491 3198 beate
505 3162 618 3217 semper
631 3142 716 3211 visit,
731 3149 820 3217 atque
831 3142 900 3197 vitae
915 3140 967 3197 dat
980 3147 1061 3197 certo
1074 3141 1199 3198 indicia:

332 3219 430 3296 Caput
444 3222 589 3279 abscisum
604 3223 665 3280 edit
679 3222 808 3298 loquelas
820 3242 828 3293 3

332 3300 383 3356 Fit
398 3322 457 3358 vox
471 3304 591 3375 virtute,
608 3324 668 3360 non
682 3313 805 3360 nature:

332 3381 420 3438 Sistit
434 3383 561 3441 latrones
573 3406 581 3456 3
601 3385 670 3442 huic
684 3385 764 3441 tollit
778 3383 900 3455 lumina,

332 3461 384 3517 Illi
399 3465 531 3520 concedit
545 3466 659 3522 amissa.

332 3541 391 3598 Vir
414 3544 487 3600 felix
511 3545 675 3618 Edmunde,
694 3546 739 3602 fac
759 3565 812 3602 nos
836 3565 920 3621 prece
940 3545 1068 3621 benigna
1088 3545 1152 3601 sita
1174 3544 1229 3601 frui

408 3632 524 3682 aeterna.
562 3629 668 3683 Amen.

243 3717 443 3795 Evenpelium.
488 3722 520 3779 Si
534 3726 600 3799 quis
614 3725 705 3781 venit.

244 3798 435 3873 offertorium.
480 3804 582 3862 Gloria
596 3806 757 3863 ethonore.

244 3882 364 3941 Secreta.

243 3963 310 4020 Hoc
338 3965 512 4024 sacrificium
540 3967 704 4025 devotionis
730 3973 847 4037 nostrae,
876 3987 1052 4042 quaesumus,
1077 3967 1255 4043 omnipotens
1277 3956 1340 4014 9⁶⁰⁵*

182 4042 341 4101 clementer
354 4047 471 4120 respice,
485 4054 516 4104 et
540 4049 741 4106 intercedente
755 4050 840 4105 bento
856 4048 1013 4105 Edmundo
1036 4068 1102 4124 rege
1124 4056 1155 4104 et
1175 4040 1341 4120 martyret¹¹⁰2

182 4125 302 4201 probae
316 4126 429 4183 familia
442 4135 495 4185 tua
508 4130 640 4205 placatus
654 4149 776 4187 assume.
820 4129 885 4186 Per.

243 4205 425 4268 Commmu'o.
468 4210 606 4284 Posuisti.

244 4288 487 4347 Poulcemmunio.

243 4369 312 4426 Sint
327 4370 390 4442 tibi,
406 4373 593 4448 omnipotens
608 4371 697 4443 Deus,
712 4378 797 4448 grata
810 4379 919 4430 nostrae
939 4373 1093 4429 servitutis
1113 4370 1253 4446 obsequia,
1265 4367 1289 4421 ot
1300 4353 1343 4410 Ψ

690 4494 703 4516 ¹
714 4491 896 4550 lis-spernit
