2804 4920
391 320 440 385 Iu
461 319 582 386 Natali
602 319 713 384 circius
734 319 899 405 Apostoli.
1185 322 1251 384 369

104 486 301 562 offertorium.

102 568 207 626 Gloria
228 569 391 627 ethonore
412 568 560 626 coronasti
582 587 669 626 eum:
697 574 729 626 ct
750 568 934 626 constituisti
955 587 1022 625 cmn
1050 586 1139 645 super
1164 586 1254 644 opera

68 669 185 707 anuum
202 656 331 720 tunnam,
347 650 484 707 Domine.

104 741 299 816 offertorium.

102 823 185 882 Mihi
204 831 304 882 autem
320 824 410 881 nimis
431 823 618 881 honorificati
636 829 707 881 sunt
728 824 816 881 amici
836 823 893 894 tui,
908 823 1009 882 Deua:
1033 822 1122 879 nimis
1142 821 1254 880 consor-

68 912 125 963 tus
138 912 185 963 est
198 906 383 983 principatus
397 924 506 964 eorum.

103 996 300 1073 Offcrtcrium.

101 1079 309 1136 Exsultabunt
322 1079 417 1136 sancti
436 1079 469 1136 in
490 1077 790 1155 gloria,laetab1mtur
809 1078 842 1134 in
862 1078 1009 1136 cubilibus
1023 1078 1104 1136 suis:
1125 1076 1254 1135 exsulta·

68 1180 140 1218 ones
154 1161 212 1218 Dei
225 1161 259 1217 in
271 1160 406 1217 faucibus
419 1179 529 1217 eorum.

100 1252 248 1321 Proefatio
262 1254 446 1329 quotidiana.

100 1346 242 1504 {egilam
263 1426 321 1484 tibi
344 1426 393 1499 sit,
415 1426 553 1498 Domine,
575 1433 683 1484 nostrae
707 1425 874 1484 devotionis
896 1426 1005 1484 oblatio
1016 1445 1024 1497 ;
1045 1435 1076 1483 et
1099 1425 1137 1483 ad
1161 1425 1255 1483 sancti

68 1509 172 1567 ›ostoli
186 1508 232 1565 tui
246 1508 286 1565 N.
303 1508 436 1585 puriores
450 1508 539 1565 faciat
552 1527 605 1565 nos
619 1507 773 1584 pervenire
787 1507 1025 1565 sollemnitatem.
1069 1507 1135 1564 Per.

100 1614 176 1670 Alia
207 1613 214 1633 '
305 1658 311 1671 .

103 1694 167 1752 Pro
180 1614 335 1771 azam&
349 1695 517 1751 reverentia
531 1693 669 1750 culminis
683 1693 838 1751 offerentes
851 1713 934 1751 sacra
946 1690 1095 1769 mysteria,
1112 1694 1250 1761 Domine,

68 1796 221 1846 raesumus,
237 1783 273 1832 ut
286 1775 367 1832 beati
382 1773 421 1831 N.
438 1775 627 1850 evangelistae
641 1775 789 1850 suffragiis
802 1775 887 1850 cujus
895 1774 1032 1832 natalitia
1045 1775 1251 1850 praevenimus,

68 1878 104 1915 cc
119 1855 204 1950 plebs
219 1867 272 1914 tua
286 1875 402 1932 semper
415 1862 446 1912 ct
459 1875 512 1913 sua
525 1863 596 1913 vota
609 1855 763 1932 depromat
776 1862 807 1913 et
821 1855 986 1913 desiderata
999 1855 1150 1931 percipiat.
1193 1854 1253 1912 Per

68 1958 220 1996 ominum.

102 2028 419 2196 Nliiagriiiiiswnostris,
435 2109 573 2180 Domino,
588 2109 713 2186 apmstoli
734 2108 833 2166 tuiN.
849 2110 925 2167 festa
938 2109 1129 2185 proecedimus
1145 2109 1252 2166 humil-

68 2212 100 2250 ει·
125 2178 318 2287 postulantes,
343 2199 379 2248 ut
400 2210 466 2267 quae
494 2190 679 2248 conscientiae
707 2198 773 2247 nost
772 2211 815 2247 ιω
838 2191 1060 2267 praepediuntur
1083 2191 1252 2259 obstaculis,

68 2275 163 2332 lorum
178 2274 292 2331 meritis
307 2272 363 2330 tibi
376 2281 461 2350 grata
475 2271 645 2330 reddantur.
689 2272 748 2329 Per
762 2271 934 2329 Dominum.

104 2378 287 2440 Communia.

104 2459 217 2537 Magna
230 2466 276 2516 est
289 2457 422 2535 gloria
397 2477 461 2534 ejus
481 2458 514 2513 in
534 2457 658 2515 salutari
672 2465 745 2515 tuo:
768 2458 891 2534 gloriam
913 2465 944 2515 ct
965 2478 1103 2536 magnum
1119 2460 1251 2516 decorem

68 2560 177 2618 npones
190 2560 280 2617 super
293 2560 371 2613 eum,
386 2538 523 2597 Domine.

108 2634 131 2692 0
155 2644 306 2693 aetornum.

106 2634 248 2786 Pissuisti,
265 2713 429 2787 Domine,
419 2734 452 2771 111
467 2713 564 2790 capite
578 2714 642 2788 ejus
656 2732 795 2770 coronam
809 2713 846 2769 de
859 2711 957 2788 lapide
971 2712 1108 2788 pretioso.

108 2819 289 2879 Communia

107 2901 126 2959 J
129 2909 263 2959 ustorum
278 2900 385 2957 animae
399 2900 432 2956 in
446 2919 537 2956 manu
559 2898 617 2956 Dei
637 2905 708 2955 sunt
723 2919 730 2955 ε
753 2904 784 2955 ct
798 2917 858 2955 non
872 2904 975 2974 tanget
989 2897 1055 2955 illos
1068 2904 1249 2955 tormentum

68 2981 167 3041 nalitiae
181 3004 187 3040 :
208 2982 268 3039 visi
282 2987 354 3038 sunt
366 2981 460 3039 oculis
473 2980 680 3056 insipientium
695 2980 789 3036 mori:
811 2979 857 3036 illi
870 2986 971 3037 autem
984 2987 1056 3036 sunt
1068 2981 1101 3036 in
1115 2998 1194 3056 pace.

107 3087 347 3147 Postcommuuio.

108 3168 229 3242 Praesta,
253 3168 347 3238 nobis,
374 3174 484 3225 oeternc
508 3167 641 3243 largitor,
668 3167 732 3241 ejua
760 3167 871 3242 ubique
895 3166 945 3243 pia
965 3166 1079 3242 protegi
1107 3166 1249 3235 emtione,

68 3249 296 3408 &iamim
310 3249 471 3388 germ
504 3255 606 3306 sancta
632 3268 699 3324 quae
723 3249 902 3324 sumpsimus
926 3249 1029 3305 votivo
1053 3248 1249 3324 praevenimus

134 3352 191 3390 ιιιο.
263 3351 296 3389 er
340 3350 482 3388 ominum.

110 3425 177 3483 Alio
191 3423 435 3483 Poatcommunio

111 3505 194 3565 Beati
216 3505 255 3563 N.
272 3504 398 3580 apostoli
421 3504 468 3560 tui
488 3510 520 3560 et
540 3500 739 3571 ctancclistae,
759 3522 935 3579 quaesumus,
957 3502 1093 3573 Domino,
1109 3502 1252 3580 supplica-

68 3602 128 3643 ona
139 3587 284 3664 placatus,
300 3590 331 3642 et
354 3584 473 3642 neniam
493 3585 579 3642 nobis
597 3584 696 3641 tribue
716 3591 747 3641 et
767 3583 898 3641 remedia
917 3585 1024 3659 scmpit
1026 3604 1098 3642 orna
1115 3585 1247 3642 concede.

68 3661 117 3724 er.

112 3747 178 3806 Αἱία
192 3748 436 3808 Postoommunio.

110 3827 239 3906 Sumpto,
262 3829 400 3899 Domine,
423 3833 615 3899 sacramento,
637 3826 813 3903 suppliciter
832 3826 1031 3903 deprecamur,
1053 3833 1089 3884 ut
1109 3826 1250 3884 interced-

68 3911 119 3965 ΜΘ
138 3911 271 3987 apostolo
295 3917 347 3968 tuo
369 3909 418 3979 N,
442 3909 521 3985 quod
545 3909 749 3985 temporaliter
772 3908 901 3984 gerimus
925 3907 962 3964 ad
985 3909 1079 3964 vitam
1100 3908 1250 3983 cupiamus

68 3992 194 4050 sternam.
239 3991 298 4050 Per
312 3991 484 4049 Dominum.

411 4197 450 4256 Iu
471 4196 595 4254 Νιιιιι
617 4213 711 4255 cums
731 4199 894 4255 Aeosnom.

117 4277 249 4354 Officium.
309 4276 312 4281 ’

116 4354 187 4420 Mihi
204 4368 306 4421 alitem
327 4360 417 4418 nimis
437 4359 575 4418 honorati
589 4366 659 4417 sunt
676 4359 764 4416 amici
783 4359 838 4427 tui,
853 4359 945 4426 Deua,
960 4358 1048 4416 nimia
1069 4359 1253 4419 confortatus

68 4436 107 4489 *i
116 4442 289 4522 principatus
301 4462 412 4502 eorum.

481 4538 522 4578 ιι
