2806 4920
404 320 499 386 Dono
522 321 618 387 ertit.
637 331 713 408 post
737 324 949 390 Trinitatem.
1215 331 1277 392 205

131 488 277 546 Penlmue

129 568 264 628 Iretetus
276 588 343 628 sum
353 569 386 627 in
399 569 446 626 his
459 589 526 646 quie
539 569 619 628 diets
631 578 703 629 sunt
716 570 808 629 mihi:
832 573 865 630 in
879 572 999 631 domum
1014 572 1139 630 Domini
1158 574 1274 634 ibimus.

132 650 244 709 Oratio.

128 731 186 803 De,
202 751 378 809 quesumus,
394 730 531 803 Domine,
545 732 654 808 populo
674 739 727 791 tuo
748 733 893 792 diabolice
913 735 1009 792 vitare
1030 734 1174 812 conlegia,
1196 743 1227 792 et
1247 744 1277 793 te

65 812 165 870 solum
180 814 279 872 Deum
292 832 368 890 pure
381 820 480 870 mente
494 815 608 870 sectari.
652 814 711 871 Per
725 815 896 873 Dominum

127 905 178 963 Ad
193 905 360 965 Corinthios
371 905 409 979 (l
432 905 453 962 i
470 905 547 980 48).

128 987 266 1046 Fratres:
295 986 415 1044 Gratias
438 1005 493 1062 ugo
515 986 580 1043 Deo
604 1006 669 1044 meo
689 1007 805 1064 semper
824 1008 878 1064 pro
898 988 982 1046 robis
1005 1008 1096 1064 usque
1116 990 1210 1046 adin
1229 990 1276 1048 die

62 1069 215 1126 adventus
229 1068 353 1125 Domini
366 1067 462 1124 nostri
475 1067 496 1124 J
497 1086 549 1124 esu
564 1066 685 1125 Christi.

126 1228 261 1287 Ioetetue
273 1248 340 1286 enm
353 1230 385 1286 in
399 1229 446 1286 his
460 1248 525 1304 quae
539 1229 619 1286 dicte
632 1235 703 1286 sunt
716 1229 810 1287 mihi:
832 1231 864 1286 in
879 1230 998 1287 domum
1014 1229 1138 1287 Domini
1151 1232 1271 1291 ibimus.

71 1310 100 1367 V.
127 1309 199 1368 Fiet
211 1330 270 1387 psx
283 1311 317 1367 in
330 1310 443 1367 virtute
458 1318 528 1368 tue:
550 1317 581 1366 et
594 1310 778 1368 abundantia
791 1311 824 1367 in
838 1312 972 1369 turribus
982 1312 1052 1369 tuis

129 1391 277 1467 Alleluya„
340 1391 368 1448 V.
392 1391 452 1461 Qui
472 1392 581 1448 timent
602 1391 765 1448 Dominum
787 1399 907 1467 sperent
926 1392 959 1449 in
980 1413 1069 1453 eum:
1098 1395 1218 1471 adjutor
1241 1403 1272 1453 et

63 1478 216 1548 protector
228 1491 328 1529 eomm
342 1477 395 1529 est.

124 1564 294 1624 Secundum
307 1564 482 1622 Mattianum
494 1564 583 1640 (mii.
597 1565 712 1643 35-46).

126 1646 167 1703 In
180 1646 232 1704 illo
242 1653 381 1722 tempore,
391 1647 589 1703 Accesserunt
602 1645 639 1702 ed
653 1645 676 1703 J
676 1665 758 1703 esum
773 1646 935 1718 Pherisaei;
955 1654 986 1704 et
996 1649 1192 1726 interrogovit
1202 1670 1271 1708 enm

61 1746 144 1784 unus
167 1747 206 1785 ex
227 1728 277 1798 eis,
297 1726 369 1803 legis
393 1727 502 1795 doctor,
524 1733 644 1784 tentans
664 1746 751 1798 eum;
782 1727 935 1804 Magister,
946 1730 1026 1804 quod
1039 1737 1085 1787 eet
1098 1731 1271 1789 mandatum

60 1828 206 1885 magnum
228 1808 260 1865 in
282 1807 363 1884 logei
389 1828 479 1882 usquc
493 1809 534 1864 ad
553 1826 649 1883 neque
667 1827 755 1865 ausus
773 1808 1003 1884 fuitquiequam
1021 1831 1059 1868 ex
1073 1812 1187 1869 illudio
1201 1832 1270 1869 eum

61 1889 195 1965 mplius
204 1889 393 1966 interrogare.

127 1970 232 2028 Credo.

127 2050 320 2125 offertorium.

125 2132 329 2189 Sanctificovit
349 2131 468 2208 Moyses
488 2131 581 2188 altare
602 2131 739 2200 Domino,
754 2131 879 2189 offerens
892 2153 981 2210 super
993 2134 1069 2192 illud
1083 2134 1271 2192 holocauste:

57 2220 93 2272 et
105 2213 266 2271 immolans
279 2213 415 2271 victimas
428 2211 499 2270 fecit
511 2212 686 2270 saorificium
699 2213 901 2288 vespertinum
921 2215 955 2271 in
975 2215 1094 2273 odorem
1114 2217 1271 2274 suavitatis

58 2294 197 2353 Domino
211 2294 275 2352 Deo
288 2295 321 2351 iu
335 2300 491 2371 conspectu
505 2294 634 2351 filiorum
650 2293 751 2351 Israel.

124 2373 247 2433 Secreta.

124 2455 316 2533 Mnjestetem
336 2463 428 2527 tunm,
443 2456 579 2524 Domine,
595 2454 768 2531 suppliciter
789 2455 979 2533 deprecemur
988 2477 997 2529 3
1027 2464 1063 2514 ut
1085 2458 1148 2515 haeo
1170 2467 1271 2516 sanctu

54 2557 129 2616 quae
160 2537 300 2614 gerimus,
328 2543 359 2594 et
386 2557 404 2594 a
430 2536 589 2614 praeteritis
616 2556 670 2593 nos
697 2535 813 2594 delictis
840 2547 953 2595 exuent
981 2545 1011 2595 et
1038 2538 1155 2596 futuris
1214 2539 1272 2597 Per

56 2620 239 2678 Dominum

123 2699 269 2775 Proesatio
282 2699 451 2758 eommunis.

126 2779 311 2840 Omnmunio.

123 2861 236 2920 Tollite
248 2861 368 2933 hostias,
383 2867 414 2918 et
434 2861 557 2918 introite
571 2860 604 2916 in
617 2860 695 2917 atris
712 2861 793 2936 ejus:
820 2860 940 2918 adorate
961 2860 1125 2917 Dominum
1147 2862 1177 2917 in
1202 2862 1270 2918 aula

52 2950 168 3019 sancte
180 2943 253 3019 ejus.

123 3023 368 3082 Postoommunio.

123 3105 414 3163 sanctificationibus
434 3103 504 3176 tuis,
519 3123 696 3180 quaesumue,
713 3104 899 3178 omnipotens
920 3103 1010 3173 Deus,
1026 3111 1057 3161 et
1075 3104 1150 3160 vitia
1170 3111 1272 3162 nostra

50 3194 214 3260 curentur,
229 3194 261 3245 et
273 3186 404 3244 remedie
416 3185 502 3242 nobis
513 3191 624 3242 aeternu
637 3184 821 3262 proveniant.
866 3184 931 3244 Per.

535 3403 636 3459 Fumi
657 3403 795 3471 Quium.

121 3538 174 3595 Ad
188 3535 354 3597 Corinthios
362 3537 397 3612 (1
414 3536 458 3593 iii.
478 3535 592 3613 16-21)

124 3619 264 3676 F'rstree:
286 3617 425 3688 Nescitis,
440 3617 511 3693 quin
524 3616 669 3692 templum
683 3636 772 3690 usque
787 3617 827 3673 ad
849 3615 947 3673 Nemo
968 3616 1071 3692 itaque
1084 3616 1228 3693 glorietur
1238 3618 1269 3674 in

49 3699 243 3770 homiuibus,
258 3699 310 3759 scd
324 3702 356 3756 in
370 3699 501 3757 Domino
514 3698 536 3755 J
538 3718 589 3755 ceu
604 3697 732 3754 Christo.

122 3793 293 3852 Secundum
307 3792 418 3851 meam
431 3791 488 3866 (eri.
507 3790 623 3865 47-54).

123 3875 163 3932 In
178 3874 232 3932 illo
246 3882 385 3950 tempore,
400 3873 527 3931 Dicebat
540 3872 561 3929 J
563 3891 628 3928 esus
642 3871 738 3927 turbis
752 3871 773 3928 J
775 3870 927 3927 udaeorum
940 3877 971 3928 et
984 3869 1167 3948 principibus
1180 3890 1270 3928 escer-

49 3959 168 4016 dotum
177 3953 236 4013 Vae
249 3955 341 4027 vobis,
352 3954 405 4031 qui
419 3953 568 4011 edificatis
582 3960 773 4008 monumenta
787 3973 877 4027 ueqroe
891 3952 931 4010 ad
944 3958 980 4009 ut
993 3958 1164 4010 accusarent
1178 3971 1253 4010 eum.

553 4156 651 4214 Ferri
673 4158 781 4215 Sexis.

123 4292 174 4348 Ad
189 4289 358 4350 Corinthios
370 4288 405 4366 (1
422 4289 459 4347 iv.
477 4290 581 4346 20—c.
599 4289 642 4366 5).

124 4373 267 4430 Fratres:
297 4370 369 4428 Non
390 4370 422 4428 in
441 4389 575 4428 sermone
592 4379 639 4428 eet
656 4390 779 4448 regnum
800 4370 858 4427 Dei
876 4390 967 4445 mque
981 4372 1021 4428 ad
1035 4372 1066 4428 in
1081 4371 1128 4429 die
1147 4371 1270 4430 Domini

50 4456 159 4517 nostri
172 4454 247 4514 Jesn
261 4451 382 4512 Christi.
