2804 4920
633 312 764 398 myrea.

266 477 425 538 Plesrnetis
437 478 560 538 humaui
573 479 674 553 factor,
688 479 764 557 lapsi
776 487 934 557 reparator,
947 479 1073 558 eleyson

265 559 315 618 Ne
328 567 381 618 tua
394 560 557 633 damnetur,
571 561 594 619 J
595 580 654 634 esu,
669 560 791 634 factura,
806 562 931 638 benigne
944 561 1069 638 eleyson

266 640 434 700 Amborum
447 661 560 699 sacrum
576 642 730 718 Spiramen
742 661 837 700 nexus
850 661 997 719 amorque,
1010 643 1137 718 eleyson

268 721 433 781 Procedens
444 723 546 794 fomes,
559 724 630 780 vitae
643 723 717 796 fons,
732 723 916 781 sanctificans
929 723 984 795 ris,
998 724 1124 800 eleyson.

271 802 419 881 Purgator
429 803 532 880 culpae,
546 804 640 862 veniae
653 804 777 881 largitor
789 805 902 881 opimae,

271 884 403 942 Offensos
416 884 489 957 dele,
503 904 583 942 sacro
595 904 649 943 nos
662 904 784 943 munere
796 884 885 963 reple,

271 964 400 1043 Spiritus
412 964 497 1040 alme,
512 965 636 1042 eleyson.

680 1174 738 1236 VI.

591 1289 661 1348 Lnx
681 1306 720 1349 nr
739 1305 840 1349 omno.

233 1401 302 1460 Lux
315 1408 346 1460 et
359 1403 441 1481 origo
453 1402 536 1475 lucis,
550 1423 663 1462 summe
676 1404 766 1476 Deus,
781 1403 906 1481 eleyson.

234 1483 274 1540 In
286 1485 370 1560 cujus
382 1490 459 1542 nutu
472 1491 609 1542 constant
621 1493 728 1542 cuncta
739 1504 862 1562 semper,
878 1484 1003 1560 eleyson.

234 1564 295 1634 Qui
307 1565 386 1622 solus
398 1571 481 1642 potes
494 1566 632 1636 misereri,
646 1566 731 1623 nobis
745 1565 869 1642 eleyson

233 1644 415 1722 Redemptor
428 1646 560 1704 omnium
574 1652 606 1704 et
618 1647 697 1704 salus
710 1666 820 1718 eoram,
835 1646 962 1722 benigne
974 1644 1060 1702 nobis
1072 1642 1198 1720 eleyson

234 1725 294 1784 Per
306 1745 420 1784 crucem
433 1727 579 1803 redempti
592 1747 611 1784 a
623 1734 717 1785 morte
730 1728 853 1803 perenni
866 1734 896 1784 te
909 1744 1075 1796 exoramus,
1089 1724 1214 1800 eleyson.

235 1806 296 1876 Qui
307 1826 338 1865 es
351 1807 486 1866 Verbum
501 1807 610 1878 Petris,
624 1814 704 1866 sator
716 1808 844 1884 pietatis,
859 1808 913 1865 lux
926 1806 1071 1879 veritatis,
1084 1805 1210 1882 eleyson

233 1885 388 1961 Paraclite,
403 1888 532 1965 Spiritus
546 1889 661 1961 Sancte,
676 1889 766 1962 Deus,
781 1890 866 1947 nobis
879 1888 1003 1965 eleyson

233 1967 385 2027 Medicina
396 1978 499 2028 nostra
512 1976 543 2028 et
557 1969 765 2042 misericordia,
779 1970 904 2047 eleyson

233 2048 364 2108 Trinitas
376 2057 408 2108 et
421 2050 533 2114 Unitus
547 2050 661 2123 Sancta,
678 2051 770 2123 Deus,
784 2050 867 2109 nobis
880 2050 1006 2127 eleyson

670 2287 747 2344 VII.

601 2399 713 2457 Suana
733 2399 827 2458 Dnns.

358 2509 479 2569 Summe
492 2510 584 2585 Deus,
598 2514 650 2589 qui
663 2519 770 2571 cuncta
782 2531 870 2585 creas,
885 2512 1012 2590 eleyson

358 2591 419 2661 Qui
431 2592 509 2668 regis
522 2613 602 2650 arces
615 2594 763 2665 aethereas,
779 2593 903 2669 eleyson.

357 2672 421 2730 Nos
434 2672 549 2749 plsoido
562 2674 649 2731 vultu
663 2674 771 2742 videas,
788 2672 912 2750 eleyson.

358 2752 405 2810 Tu
418 2753 546 2827 Christe,
561 2753 659 2812 Patris
673 2755 833 2831 speculum,
848 2755 976 2831 eleyson.

358 2835 418 2904 Qui
431 2835 597 2893 reformasti
611 2836 759 2907 saeculum,
774 2836 899 2912 eleyson.

357 2915 538 2974 Praesentem
547 2917 623 2993 juva
634 2916 785 2993 populum,
800 2917 925 2992 eleyson

358 2997 419 3066 Qui
431 2998 563 3072 procedis
576 2998 614 3055 ab
627 3004 753 3074 utroque
768 2997 900 3070 Flamen,
916 2996 1040 3073 eleyson

360 3075 417 3133 Fe*
430 3079 583 3135 amborum
596 3098 679 3136 amor
692 3089 722 3136 et
735 3078 893 3154 spiramen,
907 3078 1033 3153 eleyson.

360 3156 446 3214 Aesis
459 3159 545 3216 nobis
558 3159 624 3234 pius
637 3166 668 3216 et
680 3159 819 3229 solamen,
833 3159 958 3235 eleyson.

360 3236 551 3296 Peccatorum
564 3239 641 3297 dona
654 3240 844 3311 medicamen,
855 3241 980 3318 eleyson.

669 3459 763 3516 VIII.

575 3573 692 3646 Krmn,
715 3574 863 3632 (lemnon

480 3688 586 3764 Kyric,
601 3689 725 3765 genitor,
741 3688 866 3764 eleyson.

481 3768 680 3845 Omniumque
692 3768 795 3840 iactor,
810 3768 933 3844 eleyson.

480 3850 632 3908 Bonorum
646 3850 775 3926 largitor,
790 3848 915 3926 eleyson

481 3931 598 3990 Christe
611 3931 718 4007 genite,
733 3931 859 4006 eleyson

480 4011 645 4070 Procedens
658 4032 676 4069 a
689 4011 787 4084 Patre,
801 4011 927 4086 eleyson.

479 4091 589 4150 Mundi
602 4092 777 4169 redemptor,
792 4092 918 4168 eleyson

480 4172 577 4248 Kyrie
591 4173 727 4249 Spiritus,
742 4173 866 4249 eleyson

480 4253 639 4312 Illustrans
653 4254 797 4326 omnibus,
813 4253 938 4329 eleyson.

480 4334 570 4393 Trine
583 4342 614 4393 et
627 4354 694 4408 une,
709 4354 824 4412 semper
836 4335 973 4393 miserere
986 4338 1021 4391 tu
1035 4352 1131 4410 ymas,
1146 4331 1265 4409 eleyson

569 4461 582 4488 ’
597 4461 716 4508 lla—Os
724 4461 856 4508 amborum.
