2806 4920
499 325 547 390 n
568 323 661 390 nato
684 322 840 422 emporis
864 321 996 388 quoi.

511 493 617 550 Fracto
631 491 749 550 demum
763 495 953 561 sacramento,

550 573 599 631 No
611 571 739 641 vacilles,
753 570 804 628 sed
816 577 964 628 momento

550 653 679 711 Tantum
692 672 755 710 asse
768 653 824 709 sub
836 651 1001 727 fragmento

590 733 744 803 Quantum
758 739 822 790 toto
835 733 954 810 tegitur.

512 814 606 873 Nulla
618 815 662 871 mi
675 813 710 871 fit
723 813 865 885 scissum

550 895 634 972 Signi
647 900 766 952 tantum
780 895 816 951 lit
827 893 966 964 finctum,

552 975 619 1046 Qua
632 995 686 1033 nec
698 981 802 1047 status,
816 994 871 1032 nec
884 981 999 1032 statum

592 1056 709 1133 Signati
722 1056 875 1112 minuitur.

512 1137 587 1195 Eece
599 1137 685 1214 panis
698 1137 878 1212 angelorum,

552 1218 661 1275 Factus
674 1217 757 1274 cibus
770 1217 927 1288 viatorum,

501 1353 507 1370 ,
553 1297 633 1356 Vere
646 1298 732 1375 panis
744 1297 881 1370 filiorum,

592 1378 664 1436 Non
677 1378 840 1435 mittendus
854 1377 984 1435 canibus

514 1459 552 1518 In
566 1458 668 1536 figuris
681 1459 884 1537 praesignatur,

552 1539 628 1597 (lum
643 1539 728 1597 isaac
742 1539 921 1611 immolatur,

554 1622 661 1697 Agnus
674 1620 794 1678 Paschae
808 1620 976 1698 deputatur,

593 1701 692 1759 Datur
704 1721 814 1759 manna
827 1701 969 1777 patribus

515 1781 597 1839 Bone
609 1788 717 1860 pastor,
731 1782 817 1858 panis
830 1801 907 1852 vere,

552 1863 576 1922 J
576 1883 637 1935 esu,
651 1864 746 1921 nostri
759 1863 913 1935 miserem

554 1943 600 2001 Tu
614 1963 667 2001 nos
680 1963 773 2020 pasce,
787 1962 841 2001 nos
854 1950 947 2013 tuem,

554 2023 600 2082 Tu
613 2044 667 2081 nos
680 2025 757 2082 bona
769 2023 815 2082 fac
829 2023 928 2081 videre

593 2105 633 2162 In
646 2112 726 2164 term
738 2105 912 2163 viventium

514 2186 569 2256 Tu,
583 2188 635 2262 qui
648 2192 754 2244 cuncto
767 2187 823 2243 scis
835 2193 867 2243 et
880 2185 969 2257 vales,

555 2265 615 2336 Qui
628 2286 681 2324 nos
695 2268 789 2343 pascis
802 2267 851 2325 hic
864 2267 1011 2335 mortales,

554 2347 601 2405 Tu
614 2366 668 2404 nos
682 2348 725 2404 ibi
737 2347 954 2419 commensales,

555 2427 725 2487 Gohaeredes
738 2435 769 2486 et
782 2428 896 2486 sodales

594 2508 654 2566 Fae
668 2515 836 2567 sanctorum
850 2509 967 2566 civium.

215 2612 381 2671 Secundum-
395 2611 559 2670 Jolaomm
573 2613 627 2688 (ci.
645 2615 760 2688 56-59).

215 2694 254 2751 In
277 2694 329 2751 illo
351 2701 491 2770 tempore,
514 2694 602 2751 Dixit
622 2694 711 2751 Jesus
731 2694 893 2771 discipulus
913 2696 974 2752 suis
998 2702 1028 2750 et
1048 2695 1145 2752 turbis
1160 2694 1361 2766 Judaeorum;

156 2775 230 2833 Caro
250 2795 315 2832 mea
329 2795 397 2832 vore
418 2782 463 2832 cst
483 2776 566 2832 cibus
585 2796 675 2849 usque
696 2774 737 2832 ad
757 2775 816 2844 Qui
830 2776 988 2833 manducat
1001 2775 1080 2832 huno
1094 2795 1210 2851 panem,
1226 2778 1313 2834 vivet
1328 2780 1359 2834 in

155 2865 305 2914 aetemum.

215 2937 317 2997 Credo.

218 3019 410 3092 offertorium.

216 3099 385 3157 Sacerdotes
405 3099 557 3156 incensum
571 3099 709 3168 Domino,
724 3104 755 3156 et
768 3118 858 3174 panes
878 3099 1005 3155 offemnt
1020 3099 1100 3156 Deo:
1121 3107 1152 3156 et
1173 3099 1239 3156 ideo
1261 3102 1360 3157 sancti

156 3188 244 3236 erunt
258 3180 387 3237 Domino
400 3199 461 3250 suo,
476 3187 507 3237 et
520 3199 580 3236 non
593 3179 728 3256 polluent
741 3199 848 3236 nomen
862 3186 996 3237 sanctum
1011 3181 1082 3255 ejus,
1098 3178 1233 3255 alleluya.

216 3260 337 3318 Secreta.

217 3341 353 3398 Ecclesiae
374 3347 442 3411 tuae,
460 3360 635 3417 quaesumus,
658 3341 794 3410 Domine,
816 3341 941 3398 unitatis
961 3347 991 3397 et
1012 3341 1090 3417 pacis
1111 3342 1258 3419 propitius
1280 3342 1359 3401 dona

156 3422 287 3490 concede,
300 3441 364 3496 quae
379 3421 434 3477 sub
444 3422 549 3479 oblatis
563 3423 734 3479 muneribus
747 3423 869 3498 mystice
883 3422 1082 3498 designantur.
1112 3423 1171 3479 Per
1182 3424 1356 3480 Dominum.

217 3503 365 3576 Proesalio

216 3584 294 3654 Quia
308 3602 359 3659 per
373 3583 532 3642 Incainsti
573 3582 646 3641 Hoec
661 3583 802 3660 Prosalio
816 3584 926 3642 dicitur
935 3605 990 3660 per
1002 3594 1076 3642 lotoe
1091 3582 1221 3645 Oetaeus.
1236 3588 1359 3660 quando

156 3666 190 3721 de
206 3664 321 3722 Oetacis
334 3664 440 3738 coitur.

218 3745 399 3804 Communia

217 3827 454 3902 Quotiescunque
475 3826 689 3884 manducabitis
709 3846 813 3902 panem
831 3827 909 3884 hunc
923 3833 953 3885 et
967 3828 1085 3884 calicem
1100 3827 1215 3896 bibetis,
1232 3835 1357 3885 mortem

157 3907 279 3965 Domini
306 3907 523 3965 annuntiabitis
550 3907 641 3965 donee
666 3908 785 3965 veniat:
816 3908 917 3985 itaque
941 3910 1109 3984 quicunque
1132 3909 1358 3966 manducaverit

155 4009 260 4064 panem
275 3996 305 4046 ot
319 3988 427 4044 biben't
441 3989 558 4045 calicem
573 3988 696 4047 Domini
716 3990 847 4066 indigne,
862 4009 928 4047 reus
945 3991 1001 4048 erit
1018 3989 1145 4066 corporis
1159 3998 1190 4046 et
1203 3991 1359 4066 sanguinis

157 4071 287 4139 Domini,
304 4069 438 4144 alleluya.

217 4151 456 4209 Poatcommimio.

216 4232 357 4302 Faunos,
380 4250 555 4308 quaesumus,
577 4230 714 4304 Domine,
736 4233 905 4290 divinitatis
928 4240 987 4290 tuae
1012 4233 1191 4308 sempiterna
1215 4233 1358 4292 finitione

156 4313 269 4389 repleri,
285 4334 373 4390 quam
388 4312 507 4389 puetiosi
522 4313 650 4388 corporis
662 4322 693 4371 et
707 4315 858 4390 sanguinis
872 4314 917 4371 tui
932 4313 1102 4390 tempomlis
1123 4316 1272 4391 perceptio
1287 4333 1358 4392 pm

156 4393 271 4468 figuret.
314 4395 374 4464 Qui
390 4395 466 4450 vixis
480 4401 510 4451 ot
524 4413 637 4470 regnas.

217 4473 274 4531 Per
290 4475 410 4534 Oetaeas
423 4475 522 4533 omoia
528 4480 610 4550 flou!
624 4477 697 4534 licut
713 4477 744 4534 in
758 4476 812 4548 die,
827 4477 877 4535 sed
891 4476 952 4534 uiue
965 4473 1120 4551 Sequentia
1132 4487 1157 4532 a!
1173 4477 1274 4536 credo
