<?xml version="1.0" encoding="UTF-8"?>
<!DOCTYPE html PUBLIC "-//W3C//DTD XHTML 1.0 Transitional//EN"
    "http://www.w3.org/TR/xhtml1/DTD/xhtml1-transitional.dtd">
<html xmlns="http://www.w3.org/1999/xhtml" xml:lang="en" lang="en">
 <head>
  <title>
</title>
<meta http-equiv="Content-Type" content="text/html;charset=utf-8" />
  <meta name='ocr-system' content='tesseract 3.04.00' />
  <meta name='ocr-capabilities' content='ocr_page ocr_carea ocr_par ocr_line ocrx_word'/>
</head>
<body>
  <div class='ocr_page' id='page_1' title='image "./missaleadusumpe00churgoog_0344.png"; bbox 0 0 2804 4920; ppageno 0'>
   <div class='ocr_carea' id='block_1_1' title="bbox 529 302 1238 374">
    <p class='ocr_par' dir='ltr' id='par_1_1' title="bbox 529 302 1238 374">
     <span class='ocr_line' id='line_1_1' title="bbox 529 302 1238 374; baseline 0.007 -6"><span class='ocrx_word' id='word_1_1' title='bbox 529 304 625 369; x_wconf 78' lang='lat' dir='ltr'><strong>Festa</strong></span> <span class='ocrx_word' id='word_1_2' title='bbox 645 302 749 370; x_wconf 74' lang='lat' dir='ltr'><strong>Jottt.</strong></span> <span class='ocrx_word' id='word_1_3' title='bbox 1175 310 1238 374; x_wconf 81' lang='lat'><strong>289</strong></span> 
     </span>
    </p>
   </div>
   <div class='ocr_carea' id='block_1_2' title="bbox 82 459 1238 608">
    <p class='ocr_par' dir='ltr' id='par_1_2' title="bbox 82 459 1238 608">
     <span class='ocr_line' id='line_1_2' title="bbox 82 459 1238 607; baseline 0.009 -85"><span class='ocrx_word' id='word_1_4' title='bbox 82 465 196 605; x_wconf 42' lang='lat' dir='ltr'><strong>riassinae</strong></span> <span class='ocrx_word' id='word_1_5' title='bbox 216 488 306 607; x_wconf 47' lang='lat' dir='ltr'><strong>qpam</strong></span> <span class='ocrx_word' id='word_1_6' title='bbox 327 469 482 548; x_wconf 82' lang='lat' dir='ltr'><strong>virginitas</strong></span> <span class='ocrx_word' id='word_1_7' title='bbox 505 477 627 529; x_wconf 85' lang='lat' dir='ltr'><strong>coronat</strong></span> <span class='ocrx_word' id='word_1_8' title='bbox 646 478 677 529; x_wconf 90' lang='lat' dir='ltr'><strong>et</strong></span> <span class='ocrx_word' id='word_1_9' title='bbox 697 470 800 548; x_wconf 81' lang='lat' dir='ltr'>passio,</span> <span class='ocrx_word' id='word_1_10' title='bbox 825 470 949 530; x_wconf 87' lang='lat' dir='ltr'><strong>caelestis</strong></span> <span class='ocrx_word' id='word_1_11' title='bbox 964 459 1047 533; x_wconf 73' lang='lat' dir='ltr'><strong>&#39;aula</strong></span> <span class='ocrx_word' id='word_1_12' title='bbox 1070 492 1125 532; x_wconf 88' lang='lat' dir='ltr'><strong>nos</strong></span> <span class='ocrx_word' id='word_1_13' title='bbox 1147 473 1238 533; x_wconf 85' lang='lat' dir='ltr'><strong>societ</strong></span> 
     </span>
     <span class='ocr_line' id='line_1_3' title="bbox 82 566 296 608; baseline 0.019 -4"><span class='ocrx_word' id='word_1_14' title='bbox 82 566 125 604; x_wconf 86' lang='lat' dir='ltr'><strong>en</strong></span> <span class='ocrx_word' id='word_1_15' title='bbox 146 568 189 608; x_wconf 81' lang='lat' dir='ltr'><strong>ua</strong></span> <span class='ocrx_word' id='word_1_16' title='bbox 258 570 296 608; x_wconf 84' lang='lat' dir='ltr'><strong>er.</strong></span> 
     </span>
    </p>
   </div>
   <div class='ocr_carea' id='block_1_3' title="bbox 93 640 217 700">
    <p class='ocr_par' dir='ltr' id='par_1_3' title="bbox 93 640 217 700">
     <span class='ocr_line' id='line_1_4' title="bbox 93 640 217 700; baseline -0.008 0"><span class='ocrx_word' id='word_1_17' title='bbox 93 640 217 700; x_wconf 73' lang='lat' dir='ltr'><strong>Secreta</strong></span> 
     </span>
    </p>
   </div>
   <div class='ocr_carea' id='block_1_4' title="bbox 89 722 1236 1061">
    <p class='ocr_par' dir='ltr' id='par_1_4' title="bbox 89 722 1236 956">
     <span class='ocr_line' id='line_1_5' title="bbox 93 722 1236 803; baseline 0.008 -24"><span class='ocrx_word' id='word_1_18' title='bbox 93 722 198 780; x_wconf 74' lang='lat' dir='ltr'><strong>Beata</strong></span> <span class='ocrx_word' id='word_1_19' title='bbox 212 723 369 783; x_wconf 84' lang='lat' dir='ltr'><strong>Christinae</strong></span> <span class='ocrx_word' id='word_1_20' title='bbox 383 725 508 803; x_wconf 77' lang='lat' dir='ltr'><strong>virginis</strong></span> <span class='ocrx_word' id='word_1_21' title='bbox 521 731 589 798; x_wconf 75' lang='lat' dir='ltr'><strong>tum,</strong></span> <span class='ocrx_word' id='word_1_22' title='bbox 605 725 743 799; x_wconf 82' lang='lat' dir='ltr'>Domine,</span> <span class='ocrx_word' id='word_1_23' title='bbox 760 726 884 797; x_wconf 88' lang='lat' dir='ltr'><strong>meritis,</strong></span> <span class='ocrx_word' id='word_1_24' title='bbox 897 746 964 802; x_wconf 84' lang='lat' dir='ltr'><strong>quae</strong></span> <span class='ocrx_word' id='word_1_25' title='bbox 977 728 1035 786; x_wconf 93' lang='lat' dir='ltr'><strong>tibi</strong></span> <span class='ocrx_word' id='word_1_26' title='bbox 1048 728 1145 788; x_wconf 84' lang='lat' dir='ltr'><strong>hostia</strong></span> <span class='ocrx_word' id='word_1_27' title='bbox 1158 729 1236 788; x_wconf 84' lang='lat' dir='ltr'><strong>facts</strong></span> 
     </span>
     <span class='ocr_line' id='line_1_6' title="bbox 91 802 1008 885; baseline 0.009 -26"><span class='ocrx_word' id='word_1_28' title='bbox 91 802 212 876; x_wconf 86' lang='lat' dir='ltr'><strong>dilecta,</strong></span> <span class='ocrx_word' id='word_1_29' title='bbox 227 804 288 863; x_wconf 85' lang='lat' dir='ltr'><strong>haec</strong></span> <span class='ocrx_word' id='word_1_30' title='bbox 306 807 366 863; x_wconf 89' lang='lat' dir='ltr'><strong>tuis</strong></span> <span class='ocrx_word' id='word_1_31' title='bbox 379 806 441 864; x_wconf 90' lang='lat' dir='ltr'><strong>sint</strong></span> <span class='ocrx_word' id='word_1_32' title='bbox 455 807 548 864; x_wconf 88' lang='lat' dir='ltr'><strong>oculis</strong></span> <span class='ocrx_word' id='word_1_33' title='bbox 561 826 684 865; x_wconf 85' lang='lat' dir='ltr'><strong>munera</strong></span> <span class='ocrx_word' id='word_1_34' title='bbox 696 813 822 885; x_wconf 87' lang='lat' dir='ltr'><strong>accepta.</strong></span> <span class='ocrx_word' id='word_1_35' title='bbox 865 807 931 867; x_wconf 85' lang='lat' dir='ltr'><strong>Por.</strong></span> <span class='ocrx_word' id='word_1_36' title='bbox 1003 873 1008 882; x_wconf 35' lang='lat'><strong>¹</strong></span> 
     </span>
     <span class='ocr_line' id='line_1_7' title="bbox 89 895 338 956; baseline 0.016 -4"><span class='ocrx_word' id='word_1_37' title='bbox 89 895 338 956; x_wconf 79' lang='lat' dir='ltr'><strong>Poatcomrnuu-io.</strong></span> 
     </span>
    </p>

    <p class='ocr_par' dir='ltr' id='par_1_5' title="bbox 90 975 1236 1061">
     <span class='ocr_line' id='line_1_8' title="bbox 90 975 1236 1061; baseline 0.007 -29"><span class='ocrx_word' id='word_1_38' title='bbox 90 975 279 1036; x_wconf 76' lang='lat' dir='ltr'><strong>Veneranda</strong></span> <span class='ocrx_word' id='word_1_39' title='bbox 294 999 372 1037; x_wconf 86' lang='lat' dir='ltr'><strong>cenae</strong></span> <span class='ocrx_word' id='word_1_40' title='bbox 383 987 640 1053; x_wconf 85' lang='lat' dir='ltr'><strong>sacramentorum,</strong></span> <span class='ocrx_word' id='word_1_41' title='bbox 652 980 788 1051; x_wconf 82' lang='lat' dir='ltr'><strong>Domine,</strong></span> <span class='ocrx_word' id='word_1_42' title='bbox 801 982 956 1059; x_wconf 79' lang='lat' dir='ltr'><strong>participes</strong></span> <span class='ocrx_word' id='word_1_43' title='bbox 967 983 1063 1041; x_wconf 87' lang='lat' dir='ltr'><strong>effecti</strong></span> <span class='ocrx_word' id='word_1_44' title='bbox 1072 991 1104 1042; x_wconf 92' lang='lat' dir='ltr'><strong>te</strong></span> <span class='ocrx_word' id='word_1_45' title='bbox 1116 983 1236 1061; x_wconf 90' lang='lat' dir='ltr'><strong>implor-</strong></span> 
     </span>
    </p>
   </div>
   <div class='ocr_carea' id='block_1_5' title="bbox 82 1061 1234 1216">
    <p class='ocr_par' dir='ltr' id='par_1_6' title="bbox 82 1061 1234 1216">
     <span class='ocr_line' id='line_1_9' title="bbox 82 1061 1234 1138; baseline 0.008 -25"><span class='ocrx_word' id='word_1_46' title='bbox 82 1076 125 1127; x_wconf 89' lang='lat' dir='ltr'><strong>us,</strong></span> <span class='ocrx_word' id='word_1_47' title='bbox 143 1065 180 1115; x_wconf 91' lang='lat' dir='ltr'><strong>ut</strong></span> <span class='ocrx_word' id='word_1_48' title='bbox 197 1067 305 1117; x_wconf 80' lang='lat' dir='ltr'><strong>sanctae</strong></span> <span class='ocrx_word' id='word_1_49' title='bbox 327 1061 484 1118; x_wconf 73' lang='lat' dir='ltr'><strong>christinae</strong></span> <span class='ocrx_word' id='word_1_50' title='bbox 502 1061 626 1138; x_wconf 77' lang='lat' dir='ltr'><strong>virginis</strong></span> <span class='ocrx_word' id='word_1_51' title='bbox 652 1069 682 1120; x_wconf 89' lang='lat' dir='ltr'><strong>et</strong></span> <span class='ocrx_word' id='word_1_52' title='bbox 709 1063 849 1138; x_wconf 84' lang='lat' dir='ltr'><strong>martyris</strong></span> <span class='ocrx_word' id='word_1_53' title='bbox 869 1071 928 1120; x_wconf 78' lang='lat' dir='ltr'><strong>tura</strong></span> <span class='ocrx_word' id='word_1_54' title='bbox 946 1064 1119 1123; x_wconf 86' lang='lat' dir='ltr'><strong>interventu</strong></span> <span class='ocrx_word' id='word_1_55' title='bbox 1136 1071 1234 1124; x_wconf 89' lang='lat' dir='ltr'><strong>reatus</strong></span> 
     </span>
     <span class='ocr_line' id='line_1_10' title="bbox 82 1140 1042 1216; baseline 0.009 -22"><span class='ocrx_word' id='word_1_56' title='bbox 82 1145 132 1195; x_wconf 81' lang='lat' dir='ltr'><strong>ter</strong></span> <span class='ocrx_word' id='word_1_57' title='bbox 146 1140 306 1215; x_wconf 79' lang='lat' dir='ltr'>multiplex</span> <span class='ocrx_word' id='word_1_58' title='bbox 319 1149 515 1216; x_wconf 80' lang='lat' dir='ltr'>consequatur</span> <span class='ocrx_word' id='word_1_59' title='bbox 529 1143 647 1200; x_wconf 81' lang='lat' dir='ltr'><strong>veniam</strong></span> <span class='ocrx_word' id='word_1_60' title='bbox 660 1149 690 1201; x_wconf 93' lang='lat' dir='ltr'><strong>et</strong></span> <span class='ocrx_word' id='word_1_61' title='bbox 704 1143 776 1200; x_wconf 87' lang='lat' dir='ltr'><strong>fides</strong></span> <span class='ocrx_word' id='word_1_62' title='bbox 790 1162 934 1203; x_wconf 88' lang='lat' dir='ltr'><strong>coronam.</strong></span> <span class='ocrx_word' id='word_1_63' title='bbox 977 1144 1042 1203; x_wconf 87' lang='lat' dir='ltr'><strong>Per.</strong></span> 
     </span>
    </p>
   </div>
   <div class='ocr_carea' id='block_1_6' title="bbox 414 1337 850 1418">
    <p class='ocr_par' dir='ltr' id='par_1_7' title="bbox 414 1337 850 1418">
     <span class='ocr_line' id='line_1_11' title="bbox 414 1337 850 1418; baseline 0.009 -24"><span class='ocrx_word' id='word_1_64' title='bbox 414 1337 453 1396; x_wconf 87' lang='lat' dir='ltr'><strong>Iu</strong></span> <span class='ocrx_word' id='word_1_65' title='bbox 474 1355 536 1397; x_wconf 82' lang='lat' dir='ltr'><strong>nra.</strong></span> <span class='ocrx_word' id='word_1_66' title='bbox 581 1338 654 1416; x_wconf 82' lang='lat' dir='ltr'><strong>(viii</strong></span> <span class='ocrx_word' id='word_1_67' title='bbox 671 1339 740 1399; x_wconf 83' lang='lat' dir='ltr'><strong>Kal.</strong></span> <span class='ocrx_word' id='word_1_68' title='bbox 757 1340 850 1418; x_wconf 84' lang='lat' dir='ltr'><strong>Aug.)</strong></span> 
     </span>
    </p>
   </div>
   <div class='ocr_carea' id='block_1_7' title="bbox 87 1459 479 1535">
    <p class='ocr_par' dir='ltr' id='par_1_8' title="bbox 87 1459 479 1535">
     <span class='ocr_line' id='line_1_12' title="bbox 87 1459 479 1535; baseline 0.008 -18"><span class='ocrx_word' id='word_1_69' title='bbox 87 1459 232 1535; x_wconf 77' lang='lat' dir='ltr'><strong>Officium.</strong></span> <span class='ocrx_word' id='word_1_70' title='bbox 276 1462 356 1519; x_wconf 89' lang='lat' dir='ltr'>Mihi</span> <span class='ocrx_word' id='word_1_71' title='bbox 370 1470 479 1521; x_wconf 71' lang='lat' dir='ltr'><strong>etitem.</strong></span> 
     </span>
    </p>
   </div>
   <div class='ocr_carea' id='block_1_8' title="bbox 82 1554 1231 1855">
    <p class='ocr_par' dir='ltr' id='par_1_9' title="bbox 82 1554 1231 1855">
     <span class='ocr_line' id='line_1_13' title="bbox 86 1554 1231 1715; baseline 0.006 -24"><span class='ocrx_word' id='word_1_72' title='bbox 86 1554 335 1707; x_wconf 43' lang='lat' dir='ltr'><strong>sssr‘tloiioDomine,</strong></span> <span class='ocrx_word' id='word_1_73' title='bbox 362 1636 441 1713; x_wconf 88' lang='lat' dir='ltr'><strong>plebi</strong></span> <span class='ocrx_word' id='word_1_74' title='bbox 464 1643 524 1694; x_wconf 87' lang='lat' dir='ltr'><strong>tuae</strong></span> <span class='ocrx_word' id='word_1_75' title='bbox 549 1637 747 1694; x_wconf 85' lang='lat' dir='ltr'><strong>sanctificator</strong></span> <span class='ocrx_word' id='word_1_76' title='bbox 774 1644 804 1694; x_wconf 88' lang='lat' dir='ltr'><strong>et</strong></span> <span class='ocrx_word' id='word_1_77' title='bbox 829 1644 945 1710; x_wconf 82' lang='lat' dir='ltr'><strong>custos3</strong></span> <span class='ocrx_word' id='word_1_78' title='bbox 976 1644 1011 1696; x_wconf 90' lang='lat' dir='ltr'><strong>ut</strong></span> <span class='ocrx_word' id='word_1_79' title='bbox 1037 1640 1163 1715; x_wconf 90' lang='lat' dir='ltr'><strong>apostoli</strong></span> <span class='ocrx_word' id='word_1_80' title='bbox 1184 1642 1231 1698; x_wconf 91' lang='lat' dir='ltr'><strong>tui</strong></span> 
     </span>
     <span class='ocr_line' id='line_1_14' title="bbox 82 1715 1230 1793; baseline 0.006 -20"><span class='ocrx_word' id='word_1_81' title='bbox 82 1715 131 1773; x_wconf 89' lang='lat' dir='ltr'><strong>obi</strong></span> <span class='ocrx_word' id='word_1_82' title='bbox 153 1716 270 1773; x_wconf 88' lang='lat' dir='ltr'><strong>munita</strong></span> <span class='ocrx_word' id='word_1_83' title='bbox 290 1718 443 1793; x_wconf 70' lang='lat' dir='ltr'><strong>praesidiis,</strong></span> <span class='ocrx_word' id='word_1_84' title='bbox 458 1724 490 1774; x_wconf 90' lang='lat' dir='ltr'><strong>et</strong></span> <span class='ocrx_word' id='word_1_85' title='bbox 503 1718 724 1775; x_wconf 87' lang='lat' dir='ltr'><strong>conversatione</strong></span> <span class='ocrx_word' id='word_1_86' title='bbox 745 1718 802 1775; x_wconf 89' lang='lat' dir='ltr'><strong>tibi</strong></span> <span class='ocrx_word' id='word_1_87' title='bbox 815 1719 939 1793; x_wconf 85' lang='lat' dir='ltr'><strong>placeat,</strong></span> <span class='ocrx_word' id='word_1_88' title='bbox 955 1726 984 1777; x_wconf 90' lang='lat' dir='ltr'><strong>et</strong></span> <span class='ocrx_word' id='word_1_89' title='bbox 999 1739 1101 1777; x_wconf 88' lang='lat' dir='ltr'><strong>secura</strong></span> <span class='ocrx_word' id='word_1_90' title='bbox 1117 1721 1230 1780; x_wconf 83' lang='lat' dir='ltr'><strong>deserv-</strong></span> 
     </span>
     <span class='ocr_line' id='line_1_15' title="bbox 120 1796 367 1855; baseline 0.008 -2"><span class='ocrx_word' id='word_1_91' title='bbox 120 1796 181 1854; x_wconf 91' lang='lat' dir='ltr'><strong>Per</strong></span> <span class='ocrx_word' id='word_1_92' title='bbox 195 1797 367 1855; x_wconf 89' lang='lat' dir='ltr'><strong>Dominum.</strong></span> 
     </span>
    </p>
   </div>
   <div class='ocr_carea' id='block_1_9' title="bbox 84 1887 1228 2048">
    <p class='ocr_par' dir='ltr' id='par_1_10' title="bbox 84 1887 1228 2048">
     <span class='ocr_line' id='line_1_16' title="bbox 84 1887 1055 1967; baseline 0.006 -22"><span class='ocrx_word' id='word_1_93' title='bbox 84 1887 233 1947; x_wconf 80' lang='lat' dir='ltr'><strong>Memoria</strong></span> <span class='ocrx_word' id='word_1_94' title='bbox 246 1891 281 1948; x_wconf 80' lang='lat' dir='ltr'><strong>de</strong></span> <span class='ocrx_word' id='word_1_95' title='bbox 296 1890 500 1967; x_wconf 63' lang='lat' dir='ltr'><strong>Cleriatophoro</strong></span> <span class='ocrx_word' id='word_1_96' title='bbox 514 1902 540 1949; x_wconf 82' lang='lat' dir='ltr'><strong>et</strong></span> <span class='ocrx_word' id='word_1_97' title='bbox 555 1890 701 1966; x_wconf 81' lang='lat' dir='ltr'><strong>Cucufate</strong></span> <span class='ocrx_word' id='word_1_98' title='bbox 714 1892 900 1967; x_wconf 54' lang='lat' dir='ltr'><strong>nearly-ihus.</strong></span> <span class='ocrx_word' id='word_1_99' title='bbox 947 1891 1055 1951; x_wconf 79' lang='lat' dir='ltr'><strong>Oratio.</strong></span> 
     </span>
     <span class='ocr_line' id='line_1_17' title="bbox 84 1969 1228 2048; baseline 0.006 -21"><span class='ocrx_word' id='word_1_100' title='bbox 84 1969 256 2047; x_wconf 83' lang='lat' dir='ltr'><strong>Martyrum</strong></span> <span class='ocrx_word' id='word_1_101' title='bbox 277 1977 406 2041; x_wconf 88' lang='lat' dir='ltr'><strong>tuorum,</strong></span> <span class='ocrx_word' id='word_1_102' title='bbox 422 1973 559 2045; x_wconf 88' lang='lat' dir='ltr'>Domine,</span> <span class='ocrx_word' id='word_1_103' title='bbox 575 1971 778 2048; x_wconf 80' lang='lat' dir='ltr'><strong>Christophou‘</strong></span> <span class='ocrx_word' id='word_1_104' title='bbox 798 1979 829 2029; x_wconf 92' lang='lat' dir='ltr'><strong>et</strong></span> <span class='ocrx_word' id='word_1_105' title='bbox 849 1972 987 2031; x_wconf 81' lang='lat' dir='ltr'><strong>Cucufati</strong></span> <span class='ocrx_word' id='word_1_106' title='bbox 1007 1975 1145 2033; x_wconf 84' lang='lat' dir='ltr'><strong>natalitia</strong></span> <span class='ocrx_word' id='word_1_107' title='bbox 1158 1977 1228 2035; x_wconf 85' lang='lat' dir='ltr'><strong>cole-</strong></span> 
     </span>
    </p>
   </div>
   <div class='ocr_carea' id='block_1_10' title="bbox 82 2052 1227 2191">
    <p class='ocr_par' dir='ltr' id='par_1_11' title="bbox 82 2052 1227 2191">
     <span class='ocr_line' id='line_1_18' title="bbox 82 2052 1227 2130; baseline 0.007 -22"><span class='ocrx_word' id='word_1_108' title='bbox 82 2058 153 2124; x_wconf 86' lang='lat' dir='ltr'><strong>ntes,</strong></span> <span class='ocrx_word' id='word_1_109' title='bbox 165 2052 310 2128; x_wconf 85' lang='lat' dir='ltr'><strong>supplices</strong></span> <span class='ocrx_word' id='word_1_110' title='bbox 321 2057 350 2110; x_wconf 90' lang='lat' dir='ltr'><strong>te</strong></span> <span class='ocrx_word' id='word_1_111' title='bbox 361 2073 504 2130; x_wconf 81' lang='lat' dir='ltr'><strong>rogamus,</strong></span> <span class='ocrx_word' id='word_1_112' title='bbox 518 2059 553 2111; x_wconf 88' lang='lat' dir='ltr'><strong>ut</strong></span> <span class='ocrx_word' id='word_1_113' title='bbox 562 2072 635 2129; x_wconf 91' lang='lat' dir='ltr'><strong>quos</strong></span> <span class='ocrx_word' id='word_1_114' title='bbox 646 2053 754 2110; x_wconf 85' lang='lat' dir='ltr'><strong>caeiesti</strong></span> <span class='ocrx_word' id='word_1_115' title='bbox 764 2053 858 2129; x_wconf 83' lang='lat' dir='ltr'><strong>gloria</strong></span> <span class='ocrx_word' id='word_1_116' title='bbox 869 2055 1043 2127; x_wconf 81' lang='lat' dir='ltr'>sublimasti,</span> <span class='ocrx_word' id='word_1_117' title='bbox 1056 2056 1116 2114; x_wconf 88' lang='lat' dir='ltr'><strong>tuis</strong></span> <span class='ocrx_word' id='word_1_118' title='bbox 1126 2058 1227 2116; x_wconf 87' lang='lat' dir='ltr'><strong>adesse</strong></span> 
     </span>
     <span class='ocr_line' id='line_1_19' title="bbox 82 2132 432 2191; baseline 0.006 -2"><span class='ocrx_word' id='word_1_119' title='bbox 82 2132 165 2189; x_wconf 80' lang='lat' dir='ltr'><strong>cedas</strong></span> <span class='ocrx_word' id='word_1_120' title='bbox 179 2132 324 2191; x_wconf 87' lang='lat' dir='ltr'><strong>fidelibus.</strong></span> <span class='ocrx_word' id='word_1_121' title='bbox 367 2134 432 2191; x_wconf 87' lang='lat' dir='ltr'><strong>Per.</strong></span> 
     </span>
    </p>
   </div>
   <div class='ocr_carea' id='block_1_11' title="bbox 83 2225 506 2301">
    <p class='ocr_par' dir='ltr' id='par_1_12' title="bbox 83 2225 506 2301">
     <span class='ocr_line' id='line_1_20' title="bbox 83 2225 506 2301; baseline 0.009 -19"><span class='ocrx_word' id='word_1_122' title='bbox 83 2225 225 2301; x_wconf 78' lang='lat' dir='ltr'><strong>Epistola.</strong></span> <span class='ocrx_word' id='word_1_123' title='bbox 269 2227 341 2284; x_wconf 83' lang='lat' dir='ltr'><strong>Jam</strong></span> <span class='ocrx_word' id='word_1_124' title='bbox 354 2226 506 2286; x_wconf 87' lang='lat' dir='ltr'><strong>nonestis.</strong></span> 
     </span>
    </p>
   </div>
   <div class='ocr_carea' id='block_1_12' title="bbox 82 2319 592 2557">
    <p class='ocr_par' dir='ltr' id='par_1_13' title="bbox 82 2319 592 2557">
     <span class='ocr_line' id='line_1_21' title="bbox 84 2319 565 2378; baseline 0.004 -2"><span class='ocrx_word' id='word_1_125' title='bbox 84 2319 219 2377; x_wconf 69' lang='lat' dir='ltr'><strong>Grarlcr-lc.</strong></span> <span class='ocrx_word' id='word_1_126' title='bbox 263 2320 303 2376; x_wconf 91' lang='lat' dir='ltr'><strong>In</strong></span> <span class='ocrx_word' id='word_1_127' title='bbox 317 2340 432 2377; x_wconf 87' lang='lat' dir='ltr'><strong>omnem</strong></span> <span class='ocrx_word' id='word_1_128' title='bbox 447 2329 565 2378; x_wconf 87' lang='lat' dir='ltr'><strong>terram.</strong></span> 
     </span>
     <span class='ocr_line' id='line_1_22' title="bbox 84 2400 317 2459; baseline -0.004 0"><span class='ocrx_word' id='word_1_129' title='bbox 84 2400 156 2459; x_wconf 82' lang='lat' dir='ltr'><strong>caeli</strong></span> <span class='ocrx_word' id='word_1_130' title='bbox 169 2405 317 2458; x_wconf 76' lang='lat' dir='ltr'><strong>enarrant.</strong></span> 
     </span>
     <span class='ocr_line' id='line_1_23' title="bbox 82 2480 592 2557; baseline 0 -20"><span class='ocrx_word' id='word_1_131' title='bbox 82 2480 232 2557; x_wconf 86' lang='lat' dir='ltr'><strong>Alleluya.</strong></span> <span class='ocrx_word' id='word_1_132' title='bbox 283 2481 311 2539; x_wconf 80' lang='lat' dir='ltr'><strong>V.</strong></span> <span class='ocrx_word' id='word_1_133' title='bbox 334 2481 434 2538; x_wconf 88' lang='lat' dir='ltr'><strong>Nimis</strong></span> <span class='ocrx_word' id='word_1_134' title='bbox 447 2481 592 2539; x_wconf 91' lang='lat' dir='ltr'><strong>honorati.</strong></span> 
     </span>
    </p>
   </div>
   <div class='ocr_carea' id='block_1_13' title="bbox 82 2569 476 2645">
    <p class='ocr_par' dir='ltr' id='par_1_14' title="bbox 82 2569 476 2645">
     <span class='ocr_line' id='line_1_24' title="bbox 82 2569 476 2645; baseline 0.005 -20"><span class='ocrx_word' id='word_1_135' title='bbox 82 2570 246 2645; x_wconf 60' lang='lat' dir='ltr'><strong>›S&#39;equcrdica</strong></span> <span class='ocrx_word' id='word_1_136' title='bbox 262 2571 296 2626; x_wconf 80' lang='lat' dir='ltr'><strong>de</strong></span> <span class='ocrx_word' id='word_1_137' title='bbox 311 2569 476 2628; x_wconf 78' lang='lat' dir='ltr'><strong>Communi.</strong></span> 
     </span>
    </p>
   </div>
   <div class='ocr_carea' id='block_1_14' title="bbox 82 2662 1223 3073">
    <p class='ocr_par' dir='ltr' id='par_1_15' title="bbox 82 2662 641 2739">
     <span class='ocr_line' id='line_1_25' title="bbox 82 2662 641 2739; baseline -0.002 -19"><span class='ocrx_word' id='word_1_138' title='bbox 82 2662 247 2720; x_wconf 82' lang='lat' dir='ltr'><strong>Secu-ndum</strong></span> <span class='ocrx_word' id='word_1_139' title='bbox 261 2662 435 2720; x_wconf 66' lang='lat' dir='ltr'><strong>siluttloamm</strong></span> <span class='ocrx_word' id='word_1_140' title='bbox 449 2662 511 2739; x_wconf 65' lang='lat' dir='ltr'><strong>(aas.</strong></span> <span class='ocrx_word' id='word_1_141' title='bbox 526 2663 641 2738; x_wconf 76' lang='lat'><em>20-23)</em></span> 
     </span>
    </p>

    <p class='ocr_par' dir='ltr' id='par_1_16' title="bbox 82 2742 1223 2901">
     <span class='ocr_line' id='line_1_26' title="bbox 82 2742 1223 2822; baseline 0.004 -22"><span class='ocrx_word' id='word_1_142' title='bbox 82 2742 117 2800; x_wconf 90' lang='lat' dir='ltr'><strong>In</strong></span> <span class='ocrx_word' id='word_1_143' title='bbox 132 2744 185 2800; x_wconf 92' lang='lat' dir='ltr'><strong>illo</strong></span> <span class='ocrx_word' id='word_1_144' title='bbox 198 2751 339 2819; x_wconf 89' lang='lat' dir='ltr'><strong>tempore,</strong></span> <span class='ocrx_word' id='word_1_145' title='bbox 354 2744 489 2801; x_wconf 84' lang='lat' dir='ltr'><strong>Accessit</strong></span> <span class='ocrx_word' id='word_1_146' title='bbox 502 2744 540 2801; x_wconf 89' lang='lat' dir='ltr'><strong>ad</strong></span> <span class='ocrx_word' id='word_1_147' title='bbox 553 2744 575 2802; x_wconf 80' lang='lat' dir='ltr'><strong>,J</strong></span> <span class='ocrx_word' id='word_1_148' title='bbox 577 2762 658 2800; x_wconf 84' lang='lat' dir='ltr'><strong>esum</strong></span> <span class='ocrx_word' id='word_1_149' title='bbox 672 2748 768 2799; x_wconf 87' lang='lat' dir='ltr'><strong>mater</strong></span> <span class='ocrx_word' id='word_1_150' title='bbox 782 2742 910 2801; x_wconf 89' lang='lat' dir='ltr'><strong>filiorum</strong></span> <span class='ocrx_word' id='word_1_151' title='bbox 928 2745 1062 2802; x_wconf 77' lang='lat' dir='ltr'><strong>Zebedaei</strong></span> <span class='ocrx_word' id='word_1_152' title='bbox 1077 2766 1167 2822; x_wconf 71' lang='lat' dir='ltr'><strong>eaeque</strong></span> <span class='ocrx_word' id='word_1_153' title='bbox 1180 2749 1223 2805; x_wconf 72' lang='lat' dir='ltr'><strong>od</strong></span> 
     </span>
     <span class='ocr_line' id='line_1_27' title="bbox 82 2825 558 2901; baseline 0.006 -21"><span class='ocrx_word' id='word_1_154' title='bbox 82 2844 125 2881; x_wconf 76' lang='lat' dir='ltr'><strong>&gt;us</strong></span> <span class='ocrx_word' id='word_1_155' title='bbox 139 2831 278 2901; x_wconf 87' lang='lat' dir='ltr'><strong>paratum</strong></span> <span class='ocrx_word' id='word_1_156' title='bbox 292 2832 337 2881; x_wconf 88' lang='lat' dir='ltr'><strong>est</strong></span> <span class='ocrx_word' id='word_1_157' title='bbox 350 2844 368 2881; x_wconf 86' lang='lat' dir='ltr'><strong>a</strong></span> <span class='ocrx_word' id='word_1_158' title='bbox 382 2825 472 2882; x_wconf 89' lang='lat' dir='ltr'><strong>Patre</strong></span> <span class='ocrx_word' id='word_1_159' title='bbox 486 2844 558 2884; x_wconf 88' lang='lat' dir='ltr'><strong>meo.</strong></span> 
     </span>
    </p>

    <p class='ocr_par' dir='ltr' id='par_1_17' title="bbox 82 2906 180 2963">
     <span class='ocr_line' id='line_1_28' title="bbox 82 2906 180 2963; baseline 0 0"><span class='ocrx_word' id='word_1_160' title='bbox 82 2906 180 2963; x_wconf 81' lang='lat' dir='ltr'><strong>Orcdo.</strong></span> 
     </span>
    </p>

    <p class='ocr_par' dir='ltr' id='par_1_18' title="bbox 82 2998 619 3073">
     <span class='ocr_line' id='line_1_29' title="bbox 82 2998 619 3073; baseline -0.002 -17"><span class='ocrx_word' id='word_1_161' title='bbox 82 2998 271 3073; x_wconf 74' lang='lat' dir='ltr'><strong>offertorium.</strong></span> <span class='ocrx_word' id='word_1_162' title='bbox 318 2999 355 3057; x_wconf 92' lang='lat' dir='ltr'><strong>In</strong></span> <span class='ocrx_word' id='word_1_163' title='bbox 370 3017 487 3056; x_wconf 86' lang='lat' dir='ltr'><strong>omnem</strong></span> <span class='ocrx_word' id='word_1_164' title='bbox 503 3005 619 3056; x_wconf 80' lang='lat' dir='ltr'><strong>tenuis.</strong></span> 
     </span>
    </p>
   </div>
   <div class='ocr_carea' id='block_1_15' title="bbox 82 3091 1215 3411">
    <p class='ocr_par' dir='ltr' id='par_1_19' title="bbox 82 3091 1215 3411">
     <span class='ocr_line' id='line_1_30' title="bbox 82 3091 1214 3250; baseline 0.003 -20"><span class='ocrx_word' id='word_1_165' title='bbox 82 3091 284 3230; x_wconf 55' lang='lat' dir='ltr'><strong>Deliirittiiinibus</strong></span> <span class='ocrx_word' id='word_1_166' title='bbox 294 3171 396 3250; x_wconf 91' lang='lat' dir='ltr'><strong>populi</strong></span> <span class='ocrx_word' id='word_1_167' title='bbox 406 3173 462 3240; x_wconf 88' lang='lat' dir='ltr'><strong>tui,</strong></span> <span class='ocrx_word' id='word_1_168' title='bbox 473 3191 647 3249; x_wconf 78' lang='lat' dir='ltr'><strong>quaesumus,</strong></span> <span class='ocrx_word' id='word_1_169' title='bbox 661 3172 799 3244; x_wconf 86' lang='lat' dir='ltr'><strong>Domine,</strong></span> <span class='ocrx_word' id='word_1_170' title='bbox 814 3172 894 3228; x_wconf 86' lang='lat' dir='ltr'><strong>beati</strong></span> <span class='ocrx_word' id='word_1_171' title='bbox 909 3172 1034 3248; x_wconf 86' lang='lat' dir='ltr'><strong>apostoli</strong></span> <span class='ocrx_word' id='word_1_172' title='bbox 1048 3172 1096 3230; x_wconf 92' lang='lat' dir='ltr'><strong>tui</strong></span> <span class='ocrx_word' id='word_1_173' title='bbox 1108 3173 1130 3232; x_wconf 88' lang='lat' dir='ltr'><strong>J</strong></span> <span class='ocrx_word' id='word_1_174' title='bbox 1131 3176 1214 3233; x_wconf 86' lang='lat' dir='ltr'><strong>ecobi</strong></span> 
     </span>
     <span class='ocr_line' id='line_1_31' title="bbox 82 3252 1215 3329; baseline 0.005 -21"><span class='ocrx_word' id='word_1_175' title='bbox 82 3252 109 3309; x_wconf 94' lang='lat' dir='ltr'><strong>io</strong></span> <span class='ocrx_word' id='word_1_176' title='bbox 122 3254 209 3311; x_wconf 84' lang='lat' dir='ltr'><strong>beata</strong></span> <span class='ocrx_word' id='word_1_177' title='bbox 227 3254 373 3325; x_wconf 77' lang='lat' dir='ltr'><strong>conciliet,</strong></span> <span class='ocrx_word' id='word_1_178' title='bbox 395 3260 430 3310; x_wconf 94' lang='lat' dir='ltr'><strong>ut</strong></span> <span class='ocrx_word' id='word_1_179' title='bbox 450 3273 516 3329; x_wconf 71' lang='lat' dir='ltr'><strong>quse</strong></span> <span class='ocrx_word' id='word_1_180' title='bbox 536 3253 645 3310; x_wconf 87' lang='lat' dir='ltr'><strong>nostris</strong></span> <span class='ocrx_word' id='word_1_181' title='bbox 664 3272 724 3310; x_wconf 88' lang='lat' dir='ltr'><strong>uon</strong></span> <span class='ocrx_word' id='word_1_182' title='bbox 745 3259 815 3328; x_wconf 87' lang='lat' dir='ltr'><strong>apta</strong></span> <span class='ocrx_word' id='word_1_183' title='bbox 835 3259 906 3309; x_wconf 91' lang='lat' dir='ltr'><strong>sunt</strong></span> <span class='ocrx_word' id='word_1_184' title='bbox 927 3253 1049 3323; x_wconf 83' lang='lat' dir='ltr'><strong>meritis,</strong></span> <span class='ocrx_word' id='word_1_185' title='bbox 1064 3255 1138 3312; x_wconf 82' lang='lat' dir='ltr'><strong>fiant</strong></span> <span class='ocrx_word' id='word_1_186' title='bbox 1158 3257 1215 3314; x_wconf 91' lang='lat' dir='ltr'><strong>tibi</strong></span> 
     </span>
     <span class='ocr_line' id='line_1_32' title="bbox 84 3333 534 3411; baseline 0.007 -22"><span class='ocrx_word' id='word_1_187' title='bbox 84 3333 122 3391; x_wconf 90' lang='lat' dir='ltr'><strong>ita</strong></span> <span class='ocrx_word' id='word_1_188' title='bbox 135 3336 199 3411; x_wconf 85' lang='lat' dir='ltr'><strong>ejus</strong></span> <span class='ocrx_word' id='word_1_189' title='bbox 212 3334 424 3410; x_wconf 72' lang='lat' dir='ltr'><strong>deprecatione.</strong></span> <span class='ocrx_word' id='word_1_190' title='bbox 469 3334 534 3392; x_wconf 89' lang='lat' dir='ltr'><strong>Per.</strong></span> 
     </span>
    </p>
   </div>
   <div class='ocr_carea' id='block_1_16' title="bbox 82 3427 1214 3746">
    <p class='ocr_par' dir='ltr' id='par_1_20' title="bbox 82 3427 1214 3746">
     <span class='ocr_line' id='line_1_33' title="bbox 82 3427 1214 3585; baseline 0.005 -22"><span class='ocrx_word' id='word_1_191' title='bbox 82 3427 424 3579; x_wconf 44' lang='lat' dir='ltr'><strong>iiiiiiiiruiiihomine,</strong></span> <span class='ocrx_word' id='word_1_192' title='bbox 440 3508 519 3584; x_wconf 92' lang='lat' dir='ltr'><strong>quod</strong></span> <span class='ocrx_word' id='word_1_193' title='bbox 539 3528 592 3585; x_wconf 91' lang='lat' dir='ltr'><strong>pro</strong></span> <span class='ocrx_word' id='word_1_194' title='bbox 616 3508 725 3566; x_wconf 86' lang='lat' dir='ltr'><strong>sanctis</strong></span> <span class='ocrx_word' id='word_1_195' title='bbox 747 3507 926 3584; x_wconf 78' lang='lat' dir='ltr'><strong>martyribus</strong></span> <span class='ocrx_word' id='word_1_196' title='bbox 951 3506 1163 3585; x_wconf 73' lang='lat' dir='ltr'><strong>christophoro</strong></span> <span class='ocrx_word' id='word_1_197' title='bbox 1183 3518 1214 3569; x_wconf 88' lang='lat' dir='ltr'><strong>et</strong></span> 
     </span>
     <span class='ocr_line' id='line_1_34' title="bbox 82 3588 1211 3727; baseline 0.004 -83"><span class='ocrx_word' id='word_1_198' title='bbox 82 3589 155 3681; x_wconf 78' lang='lat' dir='ltr'><strong>ussto</strong></span> <span class='ocrx_word' id='word_1_199' title='bbox 169 3589 300 3727; x_wconf 53' lang='lat' dir='ltr'><strong>celelipat</strong></span> <span class='ocrx_word' id='word_1_200' title='bbox 310 3598 412 3647; x_wconf 85' lang='lat' dir='ltr'><strong>nostra</strong></span> <span class='ocrx_word' id='word_1_201' title='bbox 421 3589 549 3662; x_wconf 88' lang='lat' dir='ltr'><strong>devotio,</strong></span> <span class='ocrx_word' id='word_1_202' title='bbox 565 3608 665 3646; x_wconf 89' lang='lat' dir='ltr'><strong>eorum</strong></span> <span class='ocrx_word' id='word_1_203' title='bbox 680 3589 786 3645; x_wconf 86' lang='lat' dir='ltr'><strong>merita</strong></span> <span class='ocrx_word' id='word_1_204' title='bbox 800 3588 885 3645; x_wconf 87' lang='lat' dir='ltr'><strong>nobis</strong></span> <span class='ocrx_word' id='word_1_205' title='bbox 899 3595 1013 3665; x_wconf 83' lang='lat' dir='ltr'><strong>augeat,</strong></span> <span class='ocrx_word' id='word_1_206' title='bbox 1030 3596 1059 3647; x_wconf 89' lang='lat' dir='ltr'><strong>te</strong></span> <span class='ocrx_word' id='word_1_207' title='bbox 1074 3590 1211 3665; x_wconf 73' lang='lat' dir='ltr'><strong>(torrente,</strong></span> 
     </span>
     <span class='ocr_line' id='line_1_35' title="bbox 82 3687 301 3746; baseline 0.009 -20"><span class='ocrx_word' id='word_1_208' title='bbox 82 3687 190 3746; x_wconf 79' lang='lat' dir='ltr'><strong>ugrum.</strong></span> <span class='ocrx_word' id='word_1_209' title='bbox 261 3690 301 3728; x_wconf 88' lang='lat' dir='ltr'><strong>er.</strong></span> 
     </span>
    </p>
   </div>
   <div class='ocr_carea' id='block_1_17' title="bbox 82 3761 434 3841">
    <p class='ocr_par' dir='ltr' id='par_1_21' title="bbox 82 3761 434 3841">
     <span class='ocr_line' id='line_1_36' title="bbox 82 3761 434 3841; baseline 0.009 -22"><span class='ocrx_word' id='word_1_210' title='bbox 82 3761 253 3824; x_wconf 63' lang='lat' dir='ltr'><strong>Jarsrnunio.</strong></span> <span class='ocrx_word' id='word_1_211' title='bbox 297 3764 360 3841; x_wconf 78' lang='lat' dir='ltr'><strong>Ego</strong></span> <span class='ocrx_word' id='word_1_212' title='bbox 374 3782 434 3822; x_wconf 84' lang='lat' dir='ltr'><strong>vos.</strong></span> 
     </span>
    </p>
   </div>
   <div class='ocr_carea' id='block_1_18' title="bbox 82 3854 1210 4178">
    <p class='ocr_par' dir='ltr' id='par_1_22' title="bbox 82 3854 313 3916">
     <span class='ocr_line' id='line_1_37' title="bbox 82 3854 313 3916; baseline 0.004 -2"><span class='ocrx_word' id='word_1_213' title='bbox 82 3854 313 3916; x_wconf 72' lang='lat' dir='ltr'><strong>t&#39;octeommuuio.</strong></span> 
     </span>
    </p>

    <p class='ocr_par' dir='ltr' id='par_1_23' title="bbox 82 3935 1210 4178">
     <span class='ocr_line' id='line_1_38' title="bbox 82 3935 1210 4016; baseline 0.001 -20"><span class='ocrx_word' id='word_1_214' title='bbox 82 3935 156 3997; x_wconf 71' lang='lat' dir='ltr'><strong>testi</strong></span> <span class='ocrx_word' id='word_1_215' title='bbox 170 3938 297 4016; x_wconf 84' lang='lat' dir='ltr'><strong>apostoli</strong></span> <span class='ocrx_word' id='word_1_216' title='bbox 312 3939 357 3995; x_wconf 92' lang='lat' dir='ltr'><strong>tui</strong></span> <span class='ocrx_word' id='word_1_217' title='bbox 370 3939 392 3996; x_wconf 85' lang='lat' dir='ltr'><strong>J</strong></span> <span class='ocrx_word' id='word_1_218' title='bbox 393 3937 486 4010; x_wconf 80' lang='lat' dir='ltr'><strong>scobi,</strong></span> <span class='ocrx_word' id='word_1_219' title='bbox 501 3938 585 4014; x_wconf 88' lang='lat' dir='ltr'><strong>cujus</strong></span> <span class='ocrx_word' id='word_1_220' title='bbox 599 3937 685 3995; x_wconf 88' lang='lat' dir='ltr'><strong>hodio</strong></span> <span class='ocrx_word' id='word_1_221' title='bbox 706 3936 869 3993; x_wconf 77' lang='lat' dir='ltr'><strong>festivitate</strong></span> <span class='ocrx_word' id='word_1_222' title='bbox 889 3955 1009 4012; x_wconf 88' lang='lat' dir='ltr'><strong>corpore</strong></span> <span class='ocrx_word' id='word_1_223' title='bbox 1023 3944 1054 3994; x_wconf 90' lang='lat' dir='ltr'><strong>et</strong></span> <span class='ocrx_word' id='word_1_224' title='bbox 1067 3938 1210 4014; x_wconf 84' lang='lat' dir='ltr'><strong>sanguine</strong></span> 
     </span>
     <span class='ocr_line' id='line_1_39' title="bbox 82 4017 1209 4096; baseline 0 -20"><span class='ocrx_word' id='word_1_225' title='bbox 82 4037 128 4077; x_wconf 79' lang='lat' dir='ltr'><strong>ros</strong></span> <span class='ocrx_word' id='word_1_226' title='bbox 141 4019 280 4092; x_wconf 81' lang='lat' dir='ltr'><strong>refecisti,</strong></span> <span class='ocrx_word' id='word_1_227' title='bbox 295 4038 470 4096; x_wconf 71' lang='lat' dir='ltr'><strong>quaesumus,</strong></span> <span class='ocrx_word' id='word_1_228' title='bbox 486 4018 624 4089; x_wconf 87' lang='lat' dir='ltr'><strong>Domine,</strong></span> <span class='ocrx_word' id='word_1_229' title='bbox 639 4018 845 4075; x_wconf 84' lang='lat' dir='ltr'><strong>intercessione</strong></span> <span class='ocrx_word' id='word_1_230' title='bbox 859 4037 912 4075; x_wconf 89' lang='lat' dir='ltr'><strong>nos</strong></span> <span class='ocrx_word' id='word_1_231' title='bbox 926 4017 1043 4092; x_wconf 86' lang='lat' dir='ltr'><strong>adjuva,</strong></span> <span class='ocrx_word' id='word_1_232' title='bbox 1059 4037 1112 4095; x_wconf 90' lang='lat' dir='ltr'><strong>pro</strong></span> <span class='ocrx_word' id='word_1_233' title='bbox 1125 4021 1209 4096; x_wconf 89' lang='lat' dir='ltr'><strong>cujus</strong></span> 
     </span>
     <span class='ocr_line' id='line_1_40' title="bbox 82 4098 848 4178; baseline -0.003 -19"><span class='ocrx_word' id='word_1_234' title='bbox 82 4101 207 4159; x_wconf 82' lang='lat' dir='ltr'><strong>mnitate</strong></span> <span class='ocrx_word' id='word_1_235' title='bbox 220 4101 401 4178; x_wconf 81' lang='lat' dir='ltr'><strong>suscepimus</strong></span> <span class='ocrx_word' id='word_1_236' title='bbox 414 4108 468 4158; x_wconf 88' lang='lat' dir='ltr'><strong>tua</strong></span> <span class='ocrx_word' id='word_1_237' title='bbox 481 4105 583 4158; x_wconf 86' lang='lat' dir='ltr'><strong>saneta</strong></span> <span class='ocrx_word' id='word_1_238' title='bbox 596 4100 740 4157; x_wconf 75' lang='lat' dir='ltr'><strong>laetantes.</strong></span> <span class='ocrx_word' id='word_1_239' title='bbox 784 4098 848 4157; x_wconf 88' lang='lat' dir='ltr'><strong>Per.</strong></span> 
     </span>
    </p>
   </div>
   <div class='ocr_carea' id='block_1_19' title="bbox 82 4192 1208 4435">
    <p class='ocr_par' dir='ltr' id='par_1_24' title="bbox 82 4192 1208 4435">
     <span class='ocr_line' id='line_1_41' title="bbox 82 4192 395 4255; baseline 0.016 -5"><span class='ocrx_word' id='word_1_240' title='bbox 82 4192 139 4251; x_wconf 81' lang='lat' dir='ltr'><strong>ilic</strong></span> <span class='ocrx_word' id='word_1_241' title='bbox 151 4193 395 4255; x_wconf 79' lang='lat' dir='ltr'><strong>Postcommauio.</strong></span> 
     </span>
     <span class='ocr_line' id='line_1_42' title="bbox 82 4272 1208 4352; baseline 0.003 -23"><span class='ocrx_word' id='word_1_242' title='bbox 82 4272 125 4346; x_wconf 88' lang='lat' dir='ltr'><strong>)a,</strong></span> <span class='ocrx_word' id='word_1_243' title='bbox 151 4294 328 4352; x_wconf 75' lang='lat' dir='ltr'><strong>quaesumus,</strong></span> <span class='ocrx_word' id='word_1_244' title='bbox 353 4275 539 4352; x_wconf 88' lang='lat' dir='ltr'><strong>omnipotens</strong></span> <span class='ocrx_word' id='word_1_245' title='bbox 560 4274 650 4345; x_wconf 88' lang='lat' dir='ltr'><strong>Deus,</strong></span> <span class='ocrx_word' id='word_1_246' title='bbox 673 4280 707 4331; x_wconf 91' lang='lat' dir='ltr'><strong>ut</strong></span> <span class='ocrx_word' id='word_1_247' title='bbox 727 4272 934 4349; x_wconf 78' lang='lat' dir='ltr'><strong>mysteriorum</strong></span> <span class='ocrx_word' id='word_1_248' title='bbox 958 4272 1072 4330; x_wconf 84' lang='lat' dir='ltr'><strong>virtute</strong></span> <span class='ocrx_word' id='word_1_249' title='bbox 1098 4273 1208 4347; x_wconf 85' lang='lat' dir='ltr'><strong>satiati,</strong></span> 
     </span>
     <span class='ocr_line' id='line_1_43' title="bbox 82 4354 1204 4435; baseline -0.001 -21"><span class='ocrx_word' id='word_1_250' title='bbox 82 4358 177 4415; x_wconf 53' lang='lat' dir='ltr'><strong>aarum</strong></span> <span class='ocrx_word' id='word_1_251' title='bbox 201 4354 408 4435; x_wconf 71' lang='lat' dir='ltr'><strong>christophori</strong></span> <span class='ocrx_word' id='word_1_252' title='bbox 430 4362 462 4415; x_wconf 86' lang='lat' dir='ltr'><strong>et</strong></span> <span class='ocrx_word' id='word_1_253' title='bbox 483 4354 622 4414; x_wconf 79' lang='lat' dir='ltr'><strong>Cucufoti</strong></span> <span class='ocrx_word' id='word_1_254' title='bbox 645 4354 829 4412; x_wconf 86' lang='lat' dir='ltr'><strong>orationibus</strong></span> <span class='ocrx_word' id='word_1_255' title='bbox 852 4354 916 4411; x_wconf 84' lang='lat' dir='ltr'><strong>vita</strong></span> <span class='ocrx_word' id='word_1_256' title='bbox 938 4359 1040 4411; x_wconf 89' lang='lat' dir='ltr'><strong>nostra</strong></span> <span class='ocrx_word' id='word_1_257' title='bbox 1063 4356 1204 4414; x_wconf 86' lang='lat' dir='ltr'><strong>firmetur.</strong></span> 
     </span>
    </p>
   </div>
   <div class='ocr_carea' id='block_1_20' title="bbox 459 4534 478 4575">
    <p class='ocr_par' dir='ltr' id='par_1_25' title="bbox 459 4534 478 4575">
     <span class='ocr_line' id='line_1_44' title="bbox 459 4534 478 4575; baseline 0 0"><span class='ocrx_word' id='word_1_258' title='bbox 459 4534 478 4575; x_wconf 76' lang='grc' dir='ltr'><strong>Τ</strong></span> 
     </span>
    </p>
   </div>
   <div class='ocr_carea' id='block_1_21' title="bbox 0 0 1407 4920">
    <p class='ocr_par' dir='ltr' id='par_1_26' title="bbox 0 0 1407 4920">
     <span class='ocr_line' id='line_1_45' title="bbox 0 0 1407 4920; baseline 0 0"><span class='ocrx_word' id='word_1_259' title='bbox 0 0 1407 4920; x_wconf 95' lang='lat' dir='ltr'><strong> </strong></span> 
     </span>
    </p>
   </div>
  </div>
 </body>
</html>
