2804 4920
130 332 193 396 296
590 331 686 398 Festa
706 330 865 417 aequati.

187 496 329 557 Secreta*

189 578 369 636 Sacrificium
398 578 463 650 tibi,
488 570 624 649 Domine,
648 579 779 637 fidelium
806 585 926 637 tuorum
948 579 1026 636 rotis
1050 578 1184 636 oblatum
1206 597 1303 636 serenns

124 659 258 732 admitte,
274 666 308 716 nt
330 659 409 735 quod
423 659 536 718 delecto
550 660 676 737 martyri
689 667 741 717 tuo
755 660 899 737 sociisque
912 661 973 718 suis
993 659 1167 717 hodiernam
1180 660 1211 716 in
1223 659 1304 716 inven-

126 740 216 797 tionis
229 759 331 798 eorum
347 739 475 798 contulit
495 743 630 818 gretiam,
646 741 731 798 nobis
751 741 788 798 ad
808 741 1041 818 redemptionem
1060 741 1156 818 prosit
1176 748 1301 798 aeteruan.

127 820 186 878 Per
199 822 370 878 Dominum.

186 900 369 961 Communia
412 904 510 962 Video
527 902 620 961 calos.

185 981 451 1050 Poaaommeaioa

185 1063 348 1141 Epularum
362 1072 482 1123 tuarum
498 1066 640 1123 alimento
658 1064 792 1141 saginati,
808 1070 839 1120 te
859 1062 1014 1122 humiliter
1034 1083 1180 1140 rogamus,
1196 1062 1302 1121 Domine

125 1145 207 1202 Deus
221 1152 328 1214 noster,
344 1154 379 1203 ut
395 1147 477 1204 beati
496 1145 635 1221 martyris
656 1147 702 1202 tui
722 1144 875 1221 Stephani,
896 1144 1076 1215 Gamlielis,
1092 1152 1182 1221 atque
1202 1144 1301 1201 Abibon

124 1227 238 1283 meritis
258 1226 367 1302 ubique
388 1247 441 1285 nos
463 1227 592 1303 adjuves,
612 1246 736 1303 quornm
760 1225 847 1283 hodie
867 1225 1054 1283 revelationis
1076 1225 1227 1284 sollemnia
1245 1223 1300 1281 cele

124 1307 250 1365 bromus.
294 1307 360 1367 Per.

280 1464 392 1522 Saron
414 1465 567 1538 Ossanor,
589 1479 677 1521 neers
698 1480 735 1520 nr
756 1479 918 1520 ranerius.
961 1461 1053 1539 (Non.
1069 1461 1163 1540 Aug.)

183 1591 324 1667 Officium.
367 1593 534 1652 Laetabitur
542 1595 651 1671 justus.

183 1675 292 1733 Oratio.

181 1755 376 1832 Omnipotens
394 1755 571 1832 sempiterne
589 1756 679 1827 Deus,
696 1755 748 1832 qui
767 1755 857 1831 hujus
874 1754 934 1812 diei
949 1754 1111 1831 jocundam
1131 1759 1293 1828 sanctamque

120 1836 255 1894 lretitiam
270 1837 303 1894 in
315 1837 395 1895 beati
408 1838 485 1894 servi
497 1838 543 1894 tui
553 1837 682 1896 Oswaldi
697 1837 831 1913 passione
841 1836 1002 1907 decorasti3
1018 1836 1056 1892 da
1066 1835 1201 1893 cordibus
1209 1833 1292 1891 nostris

119 1918 165 1975 tui
186 1918 294 1974 amoris
314 1918 504 1995 caritatisque
525 1927 736 1995 augmentum3
758 1924 792 1975 ut
805 1918 889 1993 cujus
903 1917 933 1974 in
950 1917 1036 1973 terris
1054 1916 1150 1973 sancti
1167 1913 1291 1992 sanguinis

119 1997 289 2056 effusionem
304 1999 493 2069 celebramus,
509 1999 589 2057 illius
607 2000 640 2056 in
657 1999 727 2056 caelo
749 1999 856 2056 collata
878 1997 1041 2074 patrocinia
1063 1998 1210 2055 mentibus
1225 1992 1290 2052 scuti·

119 2099 210 2136 amus.
254 2079 319 2137 Per.

178 2160 319 2236 Epistola
364 2160 474 2218 Beatus
487 2161 543 2232 vir,
558 2160 610 2237 qui
624 2161 771 2218 inventus.

179 2240 314 2298 Gradale.
358 2241 468 2300 Beatus
482 2243 536 2314 vir,
552 2242 604 2318 qui
618 2242 712 2299 timet.

176 2321 325 2398 Alleluya.
375 2322 404 2380 V.
427 2322 534 2380 Justus
549 2329 584 2380 ut
597 2322 702 2399 palma.

176 2402 378 2477 anreqelium.
421 2403 453 2460 Si
467 2404 534 2480 quis
547 2404 637 2461 venit.

178 2481 370 2556 offertorium.
414 2484 517 2542 Gloria
531 2485 691 2542 ethonore.

177 2564 297 2622 Secreta.

175 2645 312 2715 Munera,
332 2647 466 2716 Domine,
486 2646 518 2702 in
540 2648 617 2702 beati
641 2646 771 2702 Oswalrli
793 2645 1070 2701 commemoratione
1089 2651 1148 2701 tuae
1167 2634 1283 2717 majestati

116 2725 213 2783 oblata
230 2728 374 2800 benignus
394 2748 427 2783 ac
446 2728 592 2804 propitius
613 2747 736 2798 assume,
751 2735 909 2801 nostroque
929 2726 1072 2803 profectui
1093 2725 1225 2782 salutaria
1241 2734 1283 2776 esst

116 2809 247 2864 concede.
292 2808 357 2867 Per.

176 2888 357 2945 (lotariensis.
402 2888 461 2957 Qui
476 2888 541 2944 vult
556 2889 663 2946 venire.

176 2970 415 3026 l’oslronrmanio

174 3050 294 3119 Proesta,
311 3070 487 3126 ‹luaesumua
504 3051 689 3125 omnipotens
706 3050 796 3111 Deus,
812 3057 847 3106 ut
869 3070 919 3124 per
933 3049 994 3105 lame
1016 3056 1117 3105 sancta
1131 3069 1193 3124 quse
1211 3057 1281 3112 suuis·

112 3130 212 3201 simuS,
228 3132 304 3205 quod
326 3138 428 3187 nestra
446 3132 569 3187 seientia
590 3151 649 3187 nou
670 3133 830 3206 praesuunt,
846 3131 925 3186 beati
941 3130 1080 3200 Osunlrli,
1097 3131 1172 3204 regis
1191 3135 1216 3184 ct
1228 3136 1281 3179 mar·-

113 3211 195 3283 tyris,
205 3214 257 3285 qui
271 3213 326 3267 tibi
342 3213 468 3268 fideliter
482 3213 612 3283 servivit,
626 3213 842 3268 interveniente
856 3211 976 3282 auxilio,
988 3212 1129 3287 consequi
1140 3216 1280 3266 mereamur·

114 3290 171 3348 Per
185 3291 357 3348 Dominum.

132 3474 241 3531 Seueri
266 3474 361 3544 errr,
384 3474 581 3546 anrcrsnur,
605 3491 641 3530 nr
662 3476 805 3544 Aelium,
830 3491 1005 3530 nanrrnun.
1051 3462 1271 3551 (viii.1d.Aug-l

173 3602 313 3677 Officium.
357 3604 441 3660 Salus
455 3612 562 3661 autern.

173 3685 281 3741 (butio.

169 3767 259 3836 Deus,
276 3766 326 3841 qui
341 3767 484 3842 conspicis
498 3768 568 3842 qnia
582 3787 617 3823 ex
634 3766 717 3822 nulla
730 3773 831 3822 nostra
840 3766 952 3822 virtute
964 3766 1152 3822 subsistimus
1163 3787 1172 3839 5
1185 3749 1279 3821 conrede

108 3848 263 3924 propitius,
280 3854 315 3903 ut
329 3847 535 3904 intercessione
550 3848 628 3903 beati
647 3848 735 3915 sixti,
752 3846 933 3917 Felicissimi,
949 3855 980 3903 et
993 3847 1130 3923 agapiti,
1146 3847 1277 3918 martyna

110 3938 237 3998 tuorum,
253 3936 356 3985 eontra
370 3929 470 3984 onmia
483 3928 604 3984 adversa
617 3930 793 3984 muniamur.
837 3928 902 3984 Per.

170 4010 310 4086 Epistola.
354 4009 532 4066 Benedictus
547 4009 635 4065 Deus.

171 4093 254 4148 (laad
274 4091 306 4148 le.
352 4090 489 4152 Vindice,
506 4090 641 4158 Domine,
658 4090 838 4166 sanguinem.

168 4173 317 4248 Alleluya.
367 4172 395 4228 l'.
420 4171 520 4227 Sancti
535 4172 588 4241 tui,
607 4171 743 4242 Domine,
760 4171 941 4227 benedicent.

166 4306 178 4327 ¹
195 4304 388 4359 bid-Suscipio
399 4303 508 4356 Domine,
519 4316 618 4346 numera
633 4316 676 4358 pro
693 4308 786 4347 tuorum
804 4303 1028 4346 crmrrnmnoratione
1044 4306 1187 4359 sanctorum,
1196 4304 1218 4344 ut
1231 4282 1275 4351 quod

107 4363 159 4408 illos
171 4363 277 4407 inventio
288 4363 407 4418 gloriosos
417 4362 497 4408 ellicit.
508 4362 543 4404 sic
555 4376 598 4404 nos
610 4362 704 4406 ‹lerotio
715 4363 797 4405 reddat
808 4363 930 4405 innocuos
965 4363 1016 4405 l‘er.

163 4423 175 4479 †
191 4422 431 4466 MS.-1luxilir÷nt11r
442 4422 520 4476 naon,
532 4421 640 4475 Duronio,
652 4427 746 4477 sumpta
757 4423 879 4478 mysteria.
889 4426 913 4465 et
928 4421 1090 4466 intercedente
1101 4423 1168 4467 lusto
1179 4413 1274 4473 Strplffll‘J

104 4484 276 4539 protomartyre
288 4485 337 4538 tuo,
348 4480 492 4537 sempiterna
502 4480 648 4537 protectione
660 4480 807 4524 confirment.
841 4481 892 4524 Per.
