2804 4920
511 327 608 395 reta
628 325 832 393 Novembris.
1207 327 1271 399 357

71 492 155 552 Nem
168 492 264 552 febres
276 492 359 552 sedet
371 493 575 572 daemonesque
588 494 681 573 fuget,
695 494 859 572 paralytica
871 493 1004 552 membre
1015 492 1163 572 glutinet;

72 574 116 632 Et
128 581 315 633 mortuorum
328 594 382 633 sne
394 595 479 653 prece
494 577 588 634 trium
602 576 699 635 reddit
712 595 832 653 corpora
845 575 916 632 ritae
929 575 1069 652 pristinae,

71 653 136 714 Hic
149 656 227 713 ritus
239 656 394 733 sacrilegos
407 656 544 730 destruit,
558 664 589 716 et
601 657 639 715 ed
653 656 766 716 Christi
778 656 903 734 gloriam
916 657 968 714 det
981 656 1100 733 ignibus
1112 655 1210 725 idole;

70 734 135 795 Hio
147 736 237 795 nudis
250 738 390 814 mysterio
402 737 530 796 brachiis
543 739 698 797 conficiens
711 738 853 814 pmditus
866 743 912 796 est
925 736 1033 795 celesti
1046 737 1175 808 lumine,

71 816 134 875 Hic
147 817 242 875 oculis
254 838 289 876 eo
302 818 438 877 manibus
451 820 484 876 in
497 819 601 878 erelum
611 826 642 879 et
652 819 723 877 totis
737 818 851 878 viribus
860 838 1019 896 suspensus
1033 824 1150 877 terrene
1163 822 1270 876 euneos

152 899 286 976 respuit3

71 977 147 1056 Ejus
167 980 213 1038 ori
237 978 373 1038 Christus
396 999 550 1058 nunquam
573 981 669 1039 abfuit
690 981 753 1039 sive
772 980 893 1058 justitie
915 980 982 1054 Dei,
1003 979 1051 1038 vel
1071 979 1211 1057 quicquid
1231 978 1270 1039 ed

153 1076 255 1119 verum
268 1061 362 1118 vitem
375 1063 514 1137 pertinet

70 1139 173 1216 Igitur
185 1148 217 1199 te
229 1142 329 1200 cuncti
341 1142 496 1219 poscimus,
511 1142 537 1201 0
552 1142 694 1215 Muttine,
708 1149 744 1200 ut
757 1142 810 1219 qui
822 1142 919 1201 multe
931 1142 1007 1200 mire
1019 1141 1068 1199 hio
1081 1141 1247 1214 ostendisti,

70 1219 174 1280 Etiam
186 1222 224 1280 de
237 1223 307 1280 erelo
320 1223 447 1299 gretiam
461 1223 572 1282 Christi
586 1224 671 1283 nobis
684 1223 852 1300 supplicatu
866 1230 918 1282 tuo
931 1242 1046 1300 semper
1059 1222 1206 1280 infundes.

131 1303 334 1379 Eooesgetium.
377 1304 409 1362 N
410 1305 482 1363 olite
495 1305 608 1377 timere,
622 1304 749 1382 pusillus
761 1324 842 1383 grem

131 1382 325 1458 offertorium.
368 1384 496 1444 Veritus

129 1463 253 1524 Secreta.

130 1544 209 1604 Hreo
230 1545 350 1616 oblatio,
375 1546 513 1618 Domine,
535 1565 711 1623 quesumus,
735 1567 824 1625 quem
850 1546 883 1605 in
910 1545 1005 1606 sancti
1031 1546 1202 1604 confessoris
1221 1545 1269 1604 tui

70 1624 200 1684 Martini
213 1627 376 1685 festivitate
389 1633 449 1685 tuae
464 1628 613 1687 offerimus
626 1630 781 1704 majestati,
794 1627 878 1686 nobis
888 1628 981 1705 prosit
991 1627 1029 1685 ed
1039 1626 1253 1704 indulgentium
1258 1646 1268 1700 ;

69 1713 106 1765 ut
118 1726 173 1784 per
184 1727 250 1766 eem
262 1726 282 1766 e
293 1708 404 1767 nostris
423 1708 583 1768 liberemur
602 1711 736 1788 peccetis,
752 1716 783 1768 et
797 1709 888 1768 sacris
906 1708 1050 1768 alteribus
1069 1714 1166 1767 estere
1185 1708 1269 1785 digni

70 1786 239 1847 efficiemur.
283 1789 349 1850 Per.
1143 1830 1153 1849 .

128 1868 205 1927 Alia
216 1868 337 1929 Secreto.

130 1949 221 2008 Beati
235 1950 353 2009 Menuoe
366 1951 506 2028 martyris
519 1952 566 2009 tui
579 1951 733 2010 sollemnis
752 1957 945 2023 recensentes,
959 1971 1135 2028 quaesumus,
1150 1957 1185 2010 ut
1205 1952 1269 2028 ejus

69 2030 182 2089 auxilio
195 2038 250 2089 tus
262 2032 405 2090 beneficis
416 2032 575 2110 capiemus,
586 2034 619 2091 in
632 2034 717 2111 cujus
726 2033 801 2091 festo
814 2034 872 2092 tibi
885 2033 996 2092 hostias
1006 2033 1163 2091 offerimus
1199 2033 1266 2091 Per.

131 2110 314 2172 omento.
358 2113 470 2172 Beatus
482 2133 592 2173 servus.

129 2192 373 2252 Postconmunio.

128 2273 207 2333 Hreo
226 2293 281 2333 nos
303 2274 470 2333 communio
494 2275 632 2334 saluteris
652 2275 690 2334 ab
711 2275 801 2349 omni,
817 2295 993 2353 quaesumus,
1007 2275 1186 2334 adversitate
1206 2295 1269 2334 cus·

72 2353 184 2428 todist3
212 2361 244 2414 et
266 2356 352 2413 besto
376 2355 510 2414 Mertino
534 2357 742 2429 intercedente,
764 2359 849 2433 cujus
872 2377 971 2415 annua
992 2356 1172 2416 celebritatis
1194 2356 1269 2415 feste

72 2434 234 2507 recolimus,
248 2436 435 2513 sempiternes
448 2436 600 2496 felicitatis
612 2438 698 2497 nobis
710 2438 819 2515 gaudis
831 2439 973 2515 acquiret.
1016 2438 1081 2498 Per.

127 2515 200 2575 Alia
212 2517 454 2576 Poetcommwrio.

129 2596 264 2675 Sumptis
275 2599 476 2672 sacrementis,
492 2599 628 2673 Domine,
644 2619 822 2677 quaesumus,
837 2601 991 2659 nutrietur
1002 2600 1036 2658 in
1053 2600 1139 2658 nobis
1159 2604 1268 2658 sunctae

76 2675 235 2737 devotionis
247 2678 378 2748 effeetus,
395 2685 426 2737 et
438 2680 519 2738 beati
533 2680 652 2739 Mennae
666 2683 805 2758 martyris
819 2683 866 2739 tui
878 2682 992 2740 meritis
1004 2688 1156 2759 nugentur.
1199 2680 1265 2738 Per.

130 2774 190 2835 Per
214 2775 336 2835 Octavus
357 2775 432 2834 beati
454 2777 585 2835 Martini
607 2778 642 2836 ire
662 2778 761 2837 Feriis
784 2779 955 2837 vocantibus
977 2778 1095 2835 debatur
1116 2777 1212 2835 Missa
1233 2778 1268 2836 de

83 2851 152 2915 turo
163 2856 300 2916 limine
313 2864 349 2916 ut
365 2876 457 2935 eupra
473 2859 508 2916 in
520 2859 576 2931 de,
596 2860 645 2917 sed
661 2860 724 2918 eine
740 2859 918 2935 Sequentio;
939 2867 1051 2934 acepta
1070 2877 1268 2916 corrrneemm·

84 2934 148 2998 lione
159 2937 248 2999 beutoe
261 2938 377 3014 Merite,
392 2959 458 3016 quoe
471 2948 568 2999 temere
580 2943 705 3015 eonfiat
718 2941 780 2998 nisi
791 2941 825 2998 in
838 2939 970 3000 Sabbato.

204 3119 319 3179 Surum
339 3120 451 3189 Brurrr,
471 3135 605 3179 nrrscom
626 3137 663 3179 rr
683 3136 889 3179 corrussoms
930 3119 1021 3197 (Non
1038 3117 1132 3198 Nor.)

133 3238 273 3319 offieon
316 3242 486 3303 Sacerdotes
498 3242 564 3300 Dei

132 3321 233 3383 &etio

78 3434 81 3443 ·
132 3402 290 3477 conserve,
312 3424 488 3482 quesumus,
511 3403 649 3476 Domine,
674 3402 816 3480 populum
843 3408 931 3461 tuum
957 3403 1166 3464 intercessione
1190 3406 1270 3464 beuti

81 3472 164 3543 Britii
176 3484 348 3545 confessoris
363 3487 411 3543 tui
429 3491 519 3563 etque
539 3484 687 3562 pontificis
706 3485 739 3542 in
759 3491 812 3542 tuo
832 3504 931 3543 amore
951 3485 1111 3560 confisum;
1130 3492 1166 3545 ut
1179 3504 1270 3546 mere

77 3573 165 3639 tmur,
179 3567 246 3644 ipso
258 3566 468 3638 intercedente,
483 3573 631 3625 consortes
644 3565 709 3624 fieri
721 3566 882 3624 oaelestium
894 3567 1077 3645 gaudiorum.
1121 3568 1187 3627 Per.

134 3647 277 3707 Mernorio
289 3649 325 3707 de
336 3657 435 3707 coneto
447 3647 589 3706 Martino.
633 3647 744 3721 Oratio,
759 3657 793 3706 ut
805 3667 898 3725 supro
911 3648 945 3707 in
957 3648 1012 3708 die.

134 3728 274 3805 Ερίεωὶα
315 3728 338 3787 J
339 3735 440 3787 ustum
453 3728 585 3787 deduxit

135 3808 268 3868 Grodole
310 3808 386 3868 Ecce
398 3808 538 3868 sacerdos.

134 3888 282 3968 Alleluya,
330 3890 360 3951 V.
380 3889 521 3968 Disposui
533 3896 754 3949 testamentum.

134 3968 331 4047 Emeum
375 3971 519 4048 Vigilate,
534 3971 605 4047 quia
618 3972 746 4030 nescitis.

137 4048 325 4192 wien
366 4051 477 4110 Inveni
491 4052 597 4110 David.

82 4228 85 4235 '
139 4208 234 4273 &neti
257 4212 351 4272 Britii
373 4213 547 4273 confessoris
567 4213 614 4272 tui
636 4219 728 4290 atque
751 4214 909 4290 pontificis,
932 4232 1107 4291 quesumus,
1130 4210 1267 4287 Domine,

72 4288 176 4351 mus
197 4294 379 4354 sollemnitas
401 4295 508 4372 pietati
530 4302 591 4353 tuae
615 4314 669 4353 nos
696 4295 800 4353 reddet
824 4301 965 4372 acceptos,
990 4301 1026 4352 ut
1051 4313 1104 4371 per
1126 4292 1188 4351 hoeo
1210 4292 1268 4370 pin

81 4362 233 4433 ohtricus
252 4375 348 4435 officie
370 4376 470 4434 saeculi
491 4377 645 4454 proesentis
666 4377 799 4434 miserius
820 4377 985 4448 eradamus,
1007 4380 1039 4433 et
1059 4374 1144 4434 nobis
1164 4373 1269 4451 gredo

88 4445 228 4515 tristem
238 4456 383 4516 conciliet
426 4456 492 4516 Per.
