2804 4920
538 288 634 354 Festo
654 289 817 376 Aopasti.
1217 296 1281 363 313

137 449 282 592 w
294 453 330 513 de
343 465 442 515 sancto
458 454 605 514 Timotheo
619 465 646 515 et
656 455 855 534 Apollinare*

135 612 228 684 Deus,
254 615 307 693 qni
340 635 395 676 nos
424 637 524 677 annua
557 618 711 676 beatorum
738 626 904 696 martyrum
931 627 1052 680 tuorum
1082 622 1230 681 Timothei
1250 630 1281 682 et

69 693 259 770 Apollinaris
278 695 477 758 sollemnitate
494 699 633 771 laetificas,
648 719 759 774 eorum,
774 720 951 778 quaesumus,
964 702 1174 762 intercessione
1193 724 1282 783 snper

68 793 128 832 nos
139 775 369 836 misericordiam
390 786 473 838 tuam
498 779 664 857 multiplica
677 800 686 853 ;
708 787 744 840 ut
764 801 891 859 quorum
904 782 1069 861 patrocinio
1082 784 1276 862 gratulamur,

68 855 164 913 etiarn
177 863 325 934 perpetua
338 858 444 919 salutis
456 862 603 919 auxilium
616 863 715 920 adesso
729 863 898 921 sentiamus.
942 864 1008 923 Per.

133 948 275 1026 Epicteto.
319 951 493 1013 Benedictio
507 954 639 1013 Domini

135 1029 270 1091 Gradale.
313 1033 421 1093 Justus
435 1041 471 1093 ut
484 1035 591 1112 palma.

132 1109 448 1190 SiDominicasuerit,
463 1117 612 1192 Alleluya
661 1116 690 1176 V.
714 1116 773 1175 Per
784 1136 897 1177 manus

132 1192 334 1268 Evanqeliuot
377 1197 518 1272 Egosum
532 1198 611 1255 vitis.

132 1272 328 1348 Offerterium.
371 1278 475 1337 Gloria
488 1285 519 1338 et
532 1278 651 1337 honore.

130 1356 251 1414 Secreta

128 1437 263 1514 Accepta
281 1438 339 1496 tibi
360 1440 409 1513 sit,
426 1440 563 1513 Domine,
589 1446 698 1498 nostrae
719 1440 887 1500 devotionis
900 1440 1019 1514 oblatio,
1035 1443 1116 1502 etad
1134 1444 1273 1521 apostoli-

68 1535 135 1574 cam
148 1517 281 1595 puriores
293 1539 347 1579 nos
360 1521 452 1580 faciat
464 1522 619 1601 pervenire
632 1521 836 1583 festivitatem.

129 1607 204 1668 Alia
216 1609 341 1672 Secreto.

129 1690 267 1764 Munera,
282 1692 421 1768 Domine,
436 1715 612 1772 quaesumus,
623 1715 676 1772 pro
687 1701 807 1753 tuorum
816 1697 1092 1755 commemoratione
1105 1704 1273 1756 sanctorum

67 1770 219 1831 Timothei
245 1779 276 1833 et
303 1775 488 1852 Apollinaris
515 1777 713 1835 sollemnitate
740 1776 840 1834 oblata
862 1777 1009 1854 propitius
1033 1779 1154 1855 siremps,
1175 1785 1206 1837 et
1224 1779 1274 1856 pia

65 1871 170 1910 eorum
182 1853 392 1915 intercessione
405 1858 443 1916 ad
457 1857 582 1916 salutem
596 1857 682 1916 nobis
694 1865 867 1934 perpetuam
880 1858 1036 1935 provenire
1044 1860 1175 1918 concede.
1206 1859 1272 1919 Per.
1294 1863 1299 1870 ’

128 1933 272 2010 Pmsatio
286 1938 469 2013 quotidiana

128 2013 312 2078 Commenta.
355 2018 468 2097 Magna
481 2026 533 2079 eat

127 2100 370 2160 Poetcommunio.

126 2182 242 2240 Prtesta
262 2181 356 2254 nobis,
372 2187 481 2239 aeterne
500 2180 632 2259 largitor,
646 2186 677 2239 et
700 2181 811 2258 ubique
832 2180 882 2258 pia
895 2182 1009 2259 protegi
1030 2182 1171 2254 oratione,
1187 2184 1271 2261 cujus

63 2263 205 2323 natalitia
226 2282 281 2341 per
300 2263 363 2321 haec
381 2267 483 2321 sancta
505 2281 572 2339 quoe
594 2261 772 2338 sumpsimus
794 2263 897 2319 votivo
910 2263 1107 2340 praevenimus
1121 2264 1266 2340 obsequio.

62 2343 130 2404 Per.

125 2425 200 2484 Alia
211 2423 456 2485 Poeteommunio.

125 2506 287 2566 Beatorum
314 2512 479 2582 martyrum
515 2510 637 2562 tucrum
666 2503 817 2562 Timothei
844 2510 875 2562 et
901 2505 1096 2582 Apollinaris,
1125 2507 1264 2578 Domine,

60 2588 273 2646 intercessione
294 2587 436 2666 placatus,
458 2585 591 2655 concede,
608 2605 783 2661 quaesumus,
798 2592 834 2642 ut
846 2587 1023 2644 sacramenti
1036 2588 1083 2644 tui
1097 2588 1267 2646 veneranda

58 2669 211 2747 perceptio
224 2669 278 2728 fiat
291 2668 424 2728 omnium
437 2673 622 2744 peccatorum
636 2673 804 2724 nostrorum
816 2667 955 2726 remissio
998 2667 1064 2727 Per.

458 2888 497 2946 ΙΝ
518 2904 580 2946 mu.
624 2887 678 2964 (ix.
694 2886 764 2945 Kal.
782 2887 876 2966 Sept.)

120 3031 171 3089 Aa
184 3029 319 3088 Missam.
364 3027 502 3105 Officium.
546 3027 626 3086 Mihi
646 3034 753 3086 autem.

120 3113 319 3270 grnihihotem
332 3191 509 3268 sempiterne
519 3190 609 3262 Deus,
620 3189 673 3266 qui
685 3188 774 3266 hujus
788 3188 847 3247 diei
861 3189 1060 3247 venerandam
1073 3197 1263 3269 sanctamque

50 3273 197 3334 laetitiam
210 3272 293 3331 beati
306 3271 516 3330 Bartholomaei
532 3271 658 3348 apostoli
678 3271 725 3328 tui
745 3270 909 3328 festivitate
931 3270 1085 3343 tribuisti3
1111 3271 1148 3329 da
1166 3271 1263 3331 Ecole

48 3357 106 3414 sioe
120 3363 192 3427 tuse,
207 3373 384 3432 quaesumus,
399 3360 429 3412 et
443 3372 541 3410 amare
560 3352 638 3427 quod
661 3351 794 3423 credidit,
817 3358 849 3409 et
869 3351 1027 3429 praedicare
1049 3353 1127 3428 quod
1150 3352 1258 3412 docuit.

49 3438 116 3496 Por
138 3435 312 3493 Dominum.

119 3528 265 3588 Meritoria
277 3529 312 3586 de
324 3525 431 3586 Sancto
444 3526 593 3583 Aadoetw.
642 3525 749 3583 Oratio.

117 3611 211 3684 Dens,
225 3606 279 3686 qui
291 3627 450 3685 perennem
469 3606 593 3682 gloriam
614 3606 792 3663 sanctissimi
811 3604 983 3664 contessoris
1003 3608 1050 3664 tui
1063 3614 1153 3684 atque
1166 3610 1261 3685 ponti-

115 3780 129 3802 '
147 3778 201 3824 The
210 3775 264 3823 Me.
276 3776 346 3835 gives
356 3775 397 3822 the
408 3774 475 3820 Mass
485 3774 525 3819 lor
535 3773 579 3820 SS.
592 3773 708 3832 Timothy
718 3773 765 3818 end
777 3775 923 3833 Apollinaris
934 3775 1068 3836 sopmntely
1076 3794 1112 3823 :—

353 3851 372 3896 0
411 3849 461 3895 'ma
492 3849 554 3895 Ecce
565 3848 634 3895 oculi.

373 3909 463 3955 solman.
494 3908 629 3953 Exsultato.

353 3968 441 4016 Oratio.
473 3966 547 4024 Deus,
558 3967 599 4025 qui
610 3981 655 4011 nos
665 3980 751 4023 annua,
762 3967 811 4026 hc,
823 3984 849 4013 ns
859 3969 882 4014 iu
892 3969 927 4014 tte
937 3976 989 4017 tert.

350 4027 461 4087 Epistola.
493 4026 629 4071 Metuentes
640 4025 775 4075 Dominum.

352 4085 459 4133 ondeta.
490 4085 659 4130 Exsultnbunt

350 4143 468 4204 Alleluya
500 4143 530 4189 V.
547 4144 638 4189 Reddet
650 4144 774 4191 Dominus

349 4203 503 4263 Eeaapeliam.
535 4203 714 4248 Sedenthosu.

351 4262 501 4323 Offertortsni
532 4262 712 4308 Gloriabuntur.

348 4325 448 4370 Scordo.
481 4321 590 4379 Munera,
600 4322 710 4379 Domine,
718 4322 768 4380 tec,
778 4338 805 4369 os
814 4324 838 4369 iu
848 4322 884 4368 the
894 4328 948 4370 tert.

351 4381 487 4429 emmone.
518 4381 579 4427 Dico
589 4387 669 4426 autem
679 4381 754 4427 vobis

344 4439 528 4488 Poeteomormeio.
560 4441 687 4488 Beetmum
696 4446 837 4503 martyrum,
847 4440 897 4500 ee,
907 4454 934 4487 ao
943 4442 968 4488 ia
979 4441 1014 4487 tte
1023 4447 1076 4488 tert.
