2804 4920
286 317 335 382 Ia
356 317 480 383 Natali
500 318 611 384 unias
630 318 798 405 Mortym’a
818 326 849 384 et
869 318 1059 405 Poatifios'e.
1214 320 1278 389 377

302 535 342 595 Iu
361 536 485 596 Narem
505 554 600 597 nurus
622 537 787 596 Maserius
809 554 848 596 m·
867 537 1052 597 Pourrmcrs

136 630 279 708 Officium.

136 713 309 773 Sacerdotes
336 716 403 787 Dei,
431 717 595 776 benedicite
619 717 802 775 Dominum:
836 718 930 775 sancti
961 724 993 774 et
1022 716 1150 774 humiles
1180 713 1275 787 corde,

80 795 196 853 audate
209 795 317 854 Deum.

135 876 284 937 Palmae.

136 956 310 1016 Benedicite
329 959 429 1016 omnia
448 979 536 1037 opera
556 960 680 1018 Domini
702 960 847 1017 Domino:
868 960 989 1018 laudate
1008 966 1039 1017 et
1059 958 1276 1036 superexaltate

80 1056 144 1095 eam
156 1039 190 1095 in
204 1039 317 1098 saecula

138 1118 281 1194 Officium.

135 1200 309 1260 Sacerdotes
335 1203 400 1276 ejus
426 1202 591 1261 induantur
617 1202 757 1261 salutari:
792 1210 823 1259 et
850 1203 945 1260 sancti
979 1203 1043 1278 ejus
1077 1201 1277 1258 exsultatione

81 1282 278 1342 exsultabunt

135 1361 284 1501 gadim
327 1362 489 1435 Memento,
504 1365 642 1440 Domine,
657 1364 774 1422 David:
795 1371 827 1421 et
847 1365 942 1422 omnis
956 1362 1191 1422 mansuetudinis
1205 1362 1275 1438 ejus.

155 1444 279 1518 fficiam

136 1523 310 1583 Sacerdotes
323 1525 379 1597 tui,
394 1526 531 1598 Domine,
546 1527 713 1584 induantur
721 1526 882 1602 justitiam,
897 1534 928 1583 ct
941 1525 1036 1584 sancti
1049 1524 1097 1582 tui
1109 1524 1275 1583 exsultent:
1310 1556 1313 1562 «

81 1613 198 1682 propter
211 1605 311 1664 David
324 1626 443 1664 servum
457 1615 542 1665 tuum
557 1627 616 1664 non
631 1613 748 1666 avertas
761 1608 866 1665 faciem
882 1607 994 1665 Christi
1006 1606 1059 1664 tui.

135 1686 284 1746 Psalmus.
328 1688 489 1761 Memento,
506 1689 643 1762 Domine,
660 1688 776 1746 David:
797 1696 828 1745 et
841 1689 937 1746 omnis
951 1686 1189 1745 mansuetudinis
1203 1685 1276 1762 ejus.

134 1767 234 1825 Aliud
248 1766 388 1843 Officium.

133 1848 245 1908 Juscus
263 1869 324 1907 non
344 1850 580 1921 conturbabitur,
596 1850 666 1927 quia
680 1850 829 1907 Dominus
848 1850 948 1907 firmat
967 1869 1087 1906 manum
1109 1850 1191 1924 ejus:
1212 1854 1278 1904 tota

82 1928 121 1987 lie
145 1930 305 1988 miseretur
327 1939 359 1988 et
382 1932 567 1990 commodat:
598 1939 629 1990 et
652 1951 752 1990 semen
775 1931 856 1988 illius
876 1933 908 1989 in
932 1931 1135 1989 benedictione
1156 1929 1222 1999 erit,
1245 1929 1277 1985 iu

82 2019 220 2068 eternum
234 2012 465 2072 conservabitur.

135 2092 283 2150 Psalmac.

135 2172 211 2230 Noli
234 2173 367 2230 aemulari
391 2175 424 2231 in
447 2174 696 2251 malignantibus:
729 2193 824 2251 neque
845 2174 985 2232 zelaveris
1008 2173 1149 2231 facientes
1171 2171 1279 2248 iniqui·

82 2260 178 2311 tatem.

136 2335 231 2392 Aliud
243 2334 385 2410 Officium.

138 2415 177 2474 ln
197 2416 310 2475 tirtute
330 2424 391 2487 tua,
412 2416 549 2487 Domine,
572 2416 724 2475 laetabitur
743 2419 860 2493 justus:
885 2425 916 2474 et
936 2437 1023 2493 super
1042 2417 1171 2474 salutare
1192 2422 1277 2472 tuum

82 2497 241 2554 exsultabit
255 2498 462 2555 vehementer:
483 2498 661 2556 desiderium
675 2499 781 2555 animae
795 2501 859 2574 ejus
872 2498 1006 2556 tribuisti
1019 2499 1055 2555 ei.

139 2577 282 2637 Psalmas.

137 2659 284 2730 Quoniam
298 2660 469 2736 prevenisti
489 2680 557 2717 eum
578 2660 609 2716 in
630 2659 885 2718 benedictionibus
905 2658 1087 2717 dulcedinis:
1107 2657 1232 2733 posuisti
1245 2657 1277 2713 in

83 2739 171 2815 capite
184 2741 249 2816 ejus
262 2760 401 2798 coronam
415 2741 451 2798 de
464 2741 562 2818 lapide
576 2743 711 2817 pretioso.

138 2821 231 2878 Aliud
245 2820 385 2896 Officium

139 2900 252 2960 Statuit
268 2903 296 2959 ei
314 2902 462 2960 Dominus
480 2910 690 2960 testamentum
709 2903 797 2979 pacis,
817 2909 848 2960 et
866 2902 1028 2979 principem
1048 2900 1118 2957 fecit
1136 2919 1222 2956 eum:
1243 2907 1278 2955 ut

85 2977 122 3034 Bit
132 2982 174 3040 illi
187 2982 344 3041 sacerdotii
356 2983 487 3060 dignitas
501 2985 533 3040 in
547 2991 697 3041 aternum.

137 3063 282 3122 Paulmua.
326 3063 545 3122 Misericordiae
559 3064 700 3122 Domini:
723 3065 754 3120 in
769 3071 912 3121 seminum
927 3064 1059 3120 cantabo.

138 3145 231 3203 Aliud
246 3143 387 3220 Officium.

137 3226 178 3284 Os
193 3227 273 3303 justi
292 3226 485 3284 meditabitur
506 3226 699 3302 sapientiam:
720 3234 751 3283 ot
765 3226 867 3303 lingua
880 3227 944 3301 ejus
958 3225 1096 3300 loquetur
1112 3223 1277 3298 judicium:

84 3293 127 3359 lex
141 3306 198 3366 Dei
211 3308 277 3384 ejus
289 3307 323 3364 in
336 3308 424 3365 eorde
437 3308 537 3384 ipsius.

136 3388 283 3446 Psalmus.

83 3544 108 3596 h
136 3468 210 3527 Noli
231 3467 365 3529 aemalari
391 3469 423 3526 in
447 3469 697 3546 malignantibus:
727 3488 822 3544 neque
846 3469 986 3526 zelaveris
1007 3467 1148 3526 facientes
1169 3466 1278 3543 iniqui·

108 3548 178 3608 tem.

139 3631 249 3692 Oratio.

137 3712 350 3770 Infirmitatem
370 3721 501 3770 nostram
520 3712 639 3788 respice,
654 3712 840 3787 omnipotens
855 3711 945 3783 Deus,
960 3721 990 3769 et
1004 3711 1074 3787 quia
1088 3710 1202 3788 pondus
1215 3728 1279 3785 pro-

84 3785 149 3850 ’ἤιε
169 3793 295 3852 actionis
314 3800 427 3870 gravat,
447 3793 526 3850 beati
547 3794 686 3869 nrartyris
707 3794 752 3850 tui
771 3793 810 3849 N.
831 3800 920 3870 atquo
941 3793 1088 3868 pontificis
1108 3789 1277 3848 intercessio

84 3859 202 3933 :lerina
214 3893 270 3932 nos
283 3881 436 3951 protegat..
480 3874 538 3932 Per
552 3874 722 3931 Dominum.

140 3969 189 4026 Ad
201 3966 338 4026 Hebraeos
351 3967 393 4044 (v.
413 3968 487 4045 1-6)

137 4048 274 4108 Fratres:
295 4048 401 4107 Omnis
414 4048 548 4126 pontifex
563 4069 652 4124 usque
666 4050 706 4106 od
720 4047 881 4106 secundum
899 4047 1032 4104 ordinem
1053 4043 1276 4103 Melchisedech.

139 4130 188 4189 Aa
200 4129 336 4189 Hebraeos
349 4130 429 4207 (cciii.
447 4131 540 4207 9-16).

139 4210 275 4271 Fratres:
310 4210 462 4269 Doctriuis
490 4211 579 4269 variis
606 4218 638 4268 et
664 4210 826 4289 peregrinis
853 4208 946 4267 nolite
973 4207 1079 4266 abduci
1113 4228 1203 4284 cuque
1237 4208 1278 4265 od

84 4272 199 4351 lulibus
211 4293 293 4351 enim
306 4291 411 4350 hostiis
424 4300 609 4369 promeretur
621 4291 712 4351 Deus.

138 4372 281 4451 Epistola.
324 4373 375 4431 Ad
391 4373 578 4431 Timotheum.

138 4454 290 4514 Testilioor
303 4474 400 4513 coram
415 4455 489 4526 Dec,
503 4463 538 4511 ut
554 4453 584 4509 ia
600 4453 759 4512 Communi
772 4454 865 4511 setrius
877 4452 1025 4528 martyris.
