2804 4920
541 302 637 369 sata
651 302 768 369 Joeii.
1188 307 1249 376 271

116 465 238 527 Suram

116 548 200 607 Vota
213 548 315 625 populi
327 549 383 621 tui,
399 569 573 625 quaesumus
589 550 725 622 Domine,
741 551 887 628 propitius
906 551 1036 623 intende,
1051 557 1082 610 et
1095 553 1179 628 cujus
1197 571 1252 610 nos

56 628 166 767 tlpibuis
199 630 351 688 sollemnia
386 631 539 703 celebrare,
567 633 714 690 continuis
748 632 793 690 iac
827 633 972 709 suffragiis
1004 632 1137 710 gaudere.
1194 631 1253 691 Per

88 729 229 768 ommam.

119 789 323 850 Communia·
364 791 476 850 Fidelis
488 811 598 852 servus.

118 871 363 930 Pocteommunio.

117 951 185 1009 Tua
207 964 309 1010 sancta
334 958 482 1011 sumentes
509 954 680 1031 suppliciter
701 960 740 1026 te,
764 953 900 1027 Domine,
922 955 1119 1032 deprecamur,
1144 955 1254 1031 utqui

55 1032 138 1091 beati
151 1032 291 1090 Leufredi
304 1032 475 1091 confessoris
488 1035 534 1091 tui
547 1042 637 1112 atque
656 1035 772 1093 abbatis
792 1035 984 1093 festivitatem
996 1037 1105 1094 nostris
1119 1037 1254 1114 quamvis

55 1113 190 1189 indignis
213 1133 387 1171 veneramur
407 1115 562 1191 obsequiis,
584 1117 648 1193 ipso
671 1136 725 1192 pro
746 1117 831 1175 nobis
848 1117 962 1194 jugiter
984 1125 1097 1188 orante,
1118 1117 1254 1194 presidia

57 1195 231 1253 sentiamus
273 1193 330 1252 Per
344 1194 515 1254 Dominum

302 1375 751 1448 SauerrAuuarr,uanrrn1s.
795 1377 837 1457 (x.
854 1376 923 1437 Kal
938 1377 1015 1456 Ju)

123 1509 267 1585 Officium.
309 1510 475 1568 Laetabitur
483 1513 593 1588 justus.

123 1592 234 1650 Oratio.

122 1671 215 1743 Deus,
230 1672 282 1748 qui
295 1670 371 1730 hanc
385 1672 612 1731 sollemnitatem
632 1675 711 1731 beati
724 1673 837 1730 Albani
856 1673 996 1748 martyris
1009 1672 1056 1730 tui
1069 1673 1177 1751 populo
1190 1692 1255 1732 con-

58 1753 175 1812 cetsisti
190 1752 375 1829 Anglorum5
395 1755 458 1830 ejus
471 1755 585 1812 meritis
598 1754 697 1812 tribue
710 1753 795 1812 nobis
808 1754 1007 1812 remissionem
1021 1761 1214 1830 peccatorum,
1227 1762 1258 1814 et

59 1855 132 1894 eum
145 1835 209 1911 ipso
223 1833 269 1891 iac
282 1833 393 1910 perfrui
407 1854 460 1892 nos
472 1834 586 1912 gaudiis
599 1835 785 1911 sempiternis
798 1834 942 1892 caelorum.
985 1835 1045 1893 Per
1058 1835 1228 1894 Dominum.

125 1913 266 1992 Epistola.
311 1914 422 1973 Beatus
435 1917 483 1973 vir
495 1916 547 1993 qui
561 1916 707 1975 inventus.

126 1995 261 2055 Gradala
304 1995 444 2068 Posuisti,
460 1996 596 2056 Domine.

68 2076 100 2138 V.
126 2077 317 2135 Desiderium
330 2078 444 2134 animae.

126 2158 277 2234 Alleluya
327 2157 354 2214 V.
378 2157 550 2216 lambitur.

125 2238 328 2314 Emnqelium
372 2239 440 2296 Nisi
453 2259 587 2315 granum

128 2319 324 2395 Offerwrimn.
368 2318 563 2379 Desiderium.

126 2400 250 2459 Secreta.

128 2479 215 2541 Sicut
237 2483 268 2538 in
288 2480 368 2538 beati
389 2481 528 2557 martyris
549 2482 595 2538 tui
617 2480 731 2538 Albani
751 2479 940 2537 veneratione
959 2484 990 2537 te
1009 2478 1173 2537 mirabilem
1191 2498 1262 2556 prro·

62 2563 218 2634 dicamus5
238 2561 288 2632 sic,
303 2560 440 2634 Domine,
454 2561 640 2620 clementiam
660 2567 743 2618 tuam
763 2580 816 2636 per
835 2560 897 2617 haec
915 2561 970 2637 piae
984 2560 1156 2636 placationis
1168 2561 1263 2619 officia

62 2663 122 2721 pro
137 2643 230 2714 nobis,
245 2661 420 2718 quesumus,
435 2644 497 2719 ipse
510 2643 576 2720 pius
589 2642 774 2700 interventor
787 2641 919 2699 exsistat.
963 2640 1022 2698 Per
1035 2641 1205 2700 Dominum

130 2722 314 2783 Omnrnam‘o.
359 2722 496 2781 Posuisti

130 2804 374 2862 Postcommunio.

129 2884 180 2944 Ut
199 2892 253 2943 tua
272 2904 332 2948 nos,
348 2877 483 2957 Domine,
498 2889 679 2943 sacramenta
692 2890 819 2960 purgent
835 2903 853 2940 a
867 2883 997 2953 crimine,
1013 2888 1144 2940 sanctim
1164 2884 1265 2959 majas

60 2972 163 3026 tatem
176 2973 261 3025 tuam
275 2966 377 3024 beatus
390 2976 505 3042 martyr
517 2966 655 3024 Albanus
668 2984 782 3041 semper
797 2964 942 3041 imploret.
985 2963 1043 3021 Per
1058 2964 1226 3022 Dominum.

201 3179 243 3238 1r
262 3178 394 3236 Vienna
413 3174 617 3233 Narrvrraurs
638 3190 746 3232 sarcrr
766 3174 788 3231 J
790 3189 926 3231 casurus
952 3171 1139 3233 Barrrsrnt

551 3272 603 3341 (ix.
627 3271 697 3328 Kal.
720 3269 798 3341 Jul)

137 3355 281 3434 Officium.

134 3440 186 3497 Nc
199 3440 303 3497 timeas
322 3435 482 3507 Zacharia3
501 3432 641 3493 exaudita
654 3438 699 3490 est
712 3432 871 3489 craticius
884 3452 891 3489 ε
912 3437 943 3488 et
956 3431 1107 3489 Elisabeth
1129 3439 1271 3492 uxortua

60 3521 172 3603 pariet
195 3519 253 3577 tibi
275 3517 390 3575 filium:
410 3521 441 3574 et
454 3515 571 3572 vocabis
592 3532 700 3570 nomen
723 3514 786 3588 ejus
809 3512 831 3569 J
833 3512 999 3571 ohannem:
1019 3519 1050 3572 et
1070 3514 1127 3572 erit
1147 3534 1269 3593 magnus

135 3648 148 3672 ⁸
164 3644 340 3702 lla-Magna
349 3646 388 3688 cst
398 3642 481 3700 glorio.

133 3720 148 3780 t
164 3717 219 3765 The
229 3715 281 3761 MS.
293 3715 362 3773 giras
371 3714 411 3760 tho
422 3713 489 3758 Mass
499 3711 536 3757 ior
547 3711 635 3757 Sancte
645 3708 789 3755 Etheldrcda
800 3709 936 3769 separetoly
943 3724 981 3754 :-

225 3786 246 3834 0
281 3787 330 3832 ‘mm
362 3785 476 3829 Dilexisti
485 3781 609 3842 justitiam.

245 3850 336 3891 eam
368 3843 500 3889 Eructavit

227 3904 314 3953 Oratio.
346 3903 421 3959 Deus,
430 3902 471 3961 qui
481 3915 526 3946 nos
535 3899 680 3962 beate-[ae
689 3899 714 3945 in
723 3898 759 3945 tte
767 3898 871 3960 Μαλοῦς(
879 3899 904 3946 ia
913 3897 950 3945 lte
959 3897 1025 3960 tea}

225 3963 337 4021 assecla
369 3962 483 4008 Gaudcns
492 3959 607 4018 gaudebo.

229 4022 336 4069 (indole.
367 4020 480 4066 Dilexisti
489 4019 612 4078 justitiam.

172 4079 203 4128 V.
223 4080 357 4141 Propterea
365 4079 442 4125 unxit.

229 4140 348 4199 alleluya
385 4138 410 4184 V.
427 4137 521 4183 Diffusa
531 4140 573 4183 cat

226 4198 382 4257 Eccaqvlium
415 4197 497 4243 Simile
505 4201 543 4242 cst
552 4209 654 4254 regnum
664 4195 775 4241 ciclorum
784 4194 866 4240 decom
876 4193 1019 4254 virginibus

229 4257 381 4317 Offcrtcrim.
413 4255 645 4311 Offcronturminus.

229 4317 329 4365 Sam
361 4316 422 4370 Qum
432 4317 457 4360 in
467 4316 512 4360 hoc
521 4313 661 4376 altari-[cc
670 4312 695 4359 in
705 4312 741 4359 ue
750 4311 874 4374 Mercry}

233 4375 370 4425 comato.
401 4374 550 4420 Difluaacst

226 4434 413 4484 Pumic-
444 4433 597 4493 Quesumus,
605 4431 756 4492 omnipotens
767 4429 905 4494 Deus-[cn
914 4429 939 4479 ir
948 4429 984 4479 tto
993 4428 1116 4495 Hm}
