<?xml version="1.0" encoding="UTF-8"?>
<!DOCTYPE html PUBLIC "-//W3C//DTD XHTML 1.0 Transitional//EN"
    "http://www.w3.org/TR/xhtml1/DTD/xhtml1-transitional.dtd">
<html xmlns="http://www.w3.org/1999/xhtml" xml:lang="en" lang="en">
 <head>
  <title>
</title>
<meta http-equiv="Content-Type" content="text/html;charset=utf-8" />
  <meta name='ocr-system' content='tesseract 3.04.00' />
  <meta name='ocr-capabilities' content='ocr_page ocr_carea ocr_par ocr_line ocrx_word'/>
</head>
<body>
  <div class='ocr_page' id='page_1' title='image "./missaleadusumpe00churgoog_0350.png"; bbox 0 0 2804 4920; ppageno 0'>
   <div class='ocr_carea' id='block_1_1' title="bbox 509 305 1252 393">
    <p class='ocr_par' dir='ltr' id='par_1_1' title="bbox 509 305 1252 393">
     <span class='ocr_line' id='line_1_1' title="bbox 509 305 1252 393; baseline 0.005 -22"><span class='ocrx_word' id='word_1_1' title='bbox 509 305 606 373; x_wconf 81' lang='lat' dir='ltr'>Festa</span> <span class='ocrx_word' id='word_1_2' title='bbox 627 306 788 393; x_wconf 68' lang='lat' dir='ltr'>depasti.</span> <span class='ocrx_word' id='word_1_3' title='bbox 1188 312 1252 388; x_wconf 82' lang='grc' dir='ltr'>295Ι</span> 
     </span>
    </p>
   </div>
   <div class='ocr_carea' id='block_1_2' title="bbox 109 473 1157 633">
    <p class='ocr_par' dir='ltr' id='par_1_2' title="bbox 109 473 1157 633">
     <span class='ocr_line' id='line_1_2' title="bbox 109 473 1157 633; baseline 0.004 -21"><span class='ocrx_word' id='word_1_4' title='bbox 109 473 331 630; x_wconf 34' lang='lat' dir='ltr'>Symaitha,</span> <span class='ocrx_word' id='word_1_5' title='bbox 346 560 377 613; x_wconf 88' lang='lat' dir='ltr'>ct</span> <span class='ocrx_word' id='word_1_6' title='bbox 389 573 479 632; x_wconf 87' lang='lat' dir='ltr'>super</span> <span class='ocrx_word' id='word_1_7' title='bbox 491 554 569 614; x_wconf 92' lang='lat' dir='ltr'>hanc</span> <span class='ocrx_word' id='word_1_8' title='bbox 582 561 697 633; x_wconf 89' lang='lat' dir='ltr'>petram</span> <span class='ocrx_word' id='word_1_9' title='bbox 711 555 861 614; x_wconf 79' lang='lat' dir='ltr'>aedfficabo</span> <span class='ocrx_word' id='word_1_10' title='bbox 876 555 1038 615; x_wconf 77' lang='lat' dir='ltr'>Ecclesiam</span> <span class='ocrx_word' id='word_1_11' title='bbox 1053 576 1157 616; x_wconf 88' lang='lat' dir='ltr'>meam.</span> 
     </span>
    </p>
   </div>
   <div class='ocr_carea' id='block_1_3' title="bbox 68 648 1250 969">
    <p class='ocr_par' dir='ltr' id='par_1_3' title="bbox 109 648 356 706">
     <span class='ocr_line' id='line_1_3' title="bbox 109 648 356 706; baseline 0.008 -2"><span class='ocrx_word' id='word_1_12' title='bbox 109 648 356 706; x_wconf 80' lang='lat' dir='ltr'>Posteommuaio.</span> 
     </span>
    </p>

    <p class='ocr_par' dir='ltr' id='par_1_4' title="bbox 68 726 1250 969">
     <span class='ocr_line' id='line_1_4' title="bbox 110 726 1249 807; baseline 0.003 -21"><span class='ocrx_word' id='word_1_13' title='bbox 110 728 250 806; x_wconf 82' lang='lat' dir='ltr'>Corporis</span> <span class='ocrx_word' id='word_1_14' title='bbox 276 730 351 786; x_wconf 85' lang='lat' dir='ltr'>sacri</span> <span class='ocrx_word' id='word_1_15' title='bbox 378 735 409 786; x_wconf 90' lang='lat' dir='ltr'>et</span> <span class='ocrx_word' id='word_1_16' title='bbox 435 728 558 805; x_wconf 75' lang='lat' dir='ltr'><strong>pretiosi</strong></span> <span class='ocrx_word' id='word_1_17' title='bbox 584 726 737 806; x_wconf 80' lang='lat' dir='ltr'>sanguinis</span> <span class='ocrx_word' id='word_1_18' title='bbox 764 728 870 806; x_wconf 89' lang='lat' dir='ltr'>repleti</span> <span class='ocrx_word' id='word_1_19' title='bbox 897 730 1047 802; x_wconf 80' lang='lat' dir='ltr'><strong>libamine,</strong></span> <span class='ocrx_word' id='word_1_20' title='bbox 1072 750 1249 807; x_wconf 87' lang='lat' dir='ltr'>quaesumus,</span> 
     </span>
     <span class='ocr_line' id='line_1_5' title="bbox 68 810 1250 887; baseline 0.004 -21"><span class='ocrx_word' id='word_1_21' title='bbox 68 810 180 868; x_wconf 62' lang='lat' dir='ltr'>’omine</span> <span class='ocrx_word' id='word_1_22' title='bbox 194 810 276 867; x_wconf 87' lang='lat' dir='ltr'>Deus</span> <span class='ocrx_word' id='word_1_23' title='bbox 289 816 398 881; x_wconf 88' lang='lat' dir='ltr'>noster,</span> <span class='ocrx_word' id='word_1_24' title='bbox 411 817 447 867; x_wconf 91' lang='lat' dir='ltr'>ut</span> <span class='ocrx_word' id='word_1_25' title='bbox 461 810 540 886; x_wconf 90' lang='lat' dir='ltr'>quod</span> <span class='ocrx_word' id='word_1_26' title='bbox 553 810 603 886; x_wconf 84' lang='lat' dir='ltr'>pia</span> <span class='ocrx_word' id='word_1_27' title='bbox 622 810 778 868; x_wconf 80' lang='lat' dir='ltr'>devotione</span> <span class='ocrx_word' id='word_1_28' title='bbox 798 811 935 887; x_wconf 80' lang='lat' dir='ltr'>gerimus,</span> <span class='ocrx_word' id='word_1_29' title='bbox 951 811 1151 870; x_wconf 70' lang='lat' dir='ltr'>intercedente</span> <span class='ocrx_word' id='word_1_30' title='bbox 1163 812 1250 871; x_wconf 85' lang='lat' dir='ltr'>beato</span> 
     </span>
     <span class='ocr_line' id='line_1_6' title="bbox 68 890 954 969; baseline 0.001 -20"><span class='ocrx_word' id='word_1_31' title='bbox 68 898 140 949; x_wconf 83' lang='lat' dir='ltr'>etro</span> <span class='ocrx_word' id='word_1_32' title='bbox 154 891 287 967; x_wconf 85' lang='lat' dir='ltr'>apostolo</span> <span class='ocrx_word' id='word_1_33' title='bbox 300 897 361 963; x_wconf 92' lang='lat' dir='ltr'>tuo,</span> <span class='ocrx_word' id='word_1_34' title='bbox 378 897 458 948; x_wconf 84' lang='lat' dir='ltr'>certa</span> <span class='ocrx_word' id='word_1_35' title='bbox 472 890 674 969; x_wconf 76' lang='lat' dir='ltr'>redemptione</span> <span class='ocrx_word' id='word_1_36' title='bbox 688 891 844 968; x_wconf 82' lang='lat' dir='ltr'>capiamus.</span> <span class='ocrx_word' id='word_1_37' title='bbox 888 892 954 951; x_wconf 85' lang='lat' dir='ltr'>Per.</span> 
     </span>
    </p>
   </div>
   <div class='ocr_carea' id='block_1_4' title="bbox 68 984 1251 1284">
    <p class='ocr_par' dir='ltr' id='par_1_5' title="bbox 107 984 439 1044">
     <span class='ocr_line' id='line_1_7' title="bbox 107 984 439 1044; baseline 0.009 -4"><span class='ocrx_word' id='word_1_38' title='bbox 107 984 181 1041; x_wconf 79' lang='lat' dir='ltr'>Alia</span> <span class='ocrx_word' id='word_1_39' title='bbox 196 984 439 1044; x_wconf 69' lang='lat' dir='ltr'>postcommunio.</span> 
     </span>
    </p>

    <p class='ocr_par' dir='ltr' id='par_1_6' title="bbox 68 1065 1251 1284">
     <span class='ocr_line' id='line_1_8' title="bbox 108 1065 1251 1143; baseline 0.001 -21"><span class='ocrx_word' id='word_1_40' title='bbox 108 1065 232 1136; x_wconf 78' lang='lat' dir='ltr'>Praesta,</span> <span class='ocrx_word' id='word_1_41' title='bbox 258 1085 433 1141; x_wconf 87' lang='lat' dir='ltr'>quaesumus,</span> <span class='ocrx_word' id='word_1_42' title='bbox 459 1065 645 1142; x_wconf 87' lang='lat' dir='ltr'>omnipotens</span> <span class='ocrx_word' id='word_1_43' title='bbox 669 1066 810 1132; x_wconf 74' lang='lat' dir='ltr'>Danant</span> <span class='ocrx_word' id='word_1_44' title='bbox 834 1085 958 1143; x_wconf 86' lang='lat' dir='ltr'>quorum</span> <span class='ocrx_word' id='word_1_45' title='bbox 973 1065 1146 1125; x_wconf 79' lang='lat' dir='ltr'>memoriam</span> <span class='ocrx_word' id='word_1_46' title='bbox 1160 1085 1251 1124; x_wconf 85' lang='lat' dir='ltr'>secra-</span> 
     </span>
     <span class='ocr_line' id='line_1_9' title="bbox 68 1146 1251 1224; baseline 0.001 -21"><span class='ocrx_word' id='word_1_47' title='bbox 68 1146 142 1203; x_wconf 61' lang='lat' dir='ltr'>renti</span> <span class='ocrx_word' id='word_1_48' title='bbox 156 1146 384 1223; x_wconf 80' lang='lat' dir='ltr'>participatione</span> <span class='ocrx_word' id='word_1_49' title='bbox 398 1146 562 1218; x_wconf 79' lang='lat' dir='ltr'>recolimus,</span> <span class='ocrx_word' id='word_1_50' title='bbox 577 1147 665 1204; x_wconf 89' lang='lat' dir='ltr'>fidam</span> <span class='ocrx_word' id='word_1_51' title='bbox 679 1166 796 1224; x_wconf 87' lang='lat' dir='ltr'>quoque</span> <span class='ocrx_word' id='word_1_52' title='bbox 809 1147 989 1223; x_wconf 82' lang='lat' dir='ltr'>proficiendo</span> <span class='ocrx_word' id='word_1_53' title='bbox 1003 1154 1156 1206; x_wconf 82' lang='lat' dir='ltr'>sectemur.</span> <span class='ocrx_word' id='word_1_54' title='bbox 1193 1147 1251 1204; x_wconf 90' lang='lat' dir='ltr'>Per</span> 
     </span>
     <span class='ocr_line' id='line_1_10' title="bbox 68 1229 225 1284; baseline -0.006 0"><span class='ocrx_word' id='word_1_55' title='bbox 68 1229 225 1284; x_wconf 76' lang='lat' dir='ltr'>lominum.</span> 
     </span>
    </p>
   </div>
   <div class='ocr_carea' id='block_1_5' title="bbox 178 1406 1125 1488">
    <p class='ocr_par' dir='ltr' id='par_1_7' title="bbox 178 1406 1125 1488">
     <span class='ocr_line' id='line_1_11' title="bbox 178 1406 1125 1488; baseline 0.004 -23"><span class='ocrx_word' id='word_1_56' title='bbox 178 1406 289 1466; x_wconf 74' lang='lat' dir='ltr'>Seueri</span> <span class='ocrx_word' id='word_1_57' title='bbox 311 1408 476 1478; x_wconf 72' lang='lat' dir='ltr'>Srnrnnsr,</span> <span class='ocrx_word' id='word_1_58' title='bbox 500 1424 584 1466; x_wconf 72' lang='lat' dir='ltr'>esra</span> <span class='ocrx_word' id='word_1_59' title='bbox 604 1425 642 1466; x_wconf 75' lang='lat' dir='ltr'>rr</span> <span class='ocrx_word' id='word_1_60' title='bbox 662 1425 821 1467; x_wconf 78' lang='lat' dir='ltr'>usnrrnrs.</span> <span class='ocrx_word' id='word_1_61' title='bbox 866 1411 917 1488; x_wconf 82' lang='lat' dir='ltr'>(iv.</span> <span class='ocrx_word' id='word_1_62' title='bbox 935 1410 1013 1468; x_wconf 90' lang='lat' dir='ltr'>Non.</span> <span class='ocrx_word' id='word_1_63' title='bbox 1030 1408 1125 1487; x_wconf 85' lang='lat' dir='ltr'>Aug.)</span> 
     </span>
    </p>
   </div>
   <div class='ocr_carea' id='block_1_6' title="bbox 68 1537 1250 2019">
    <p class='ocr_par' dir='ltr' id='par_1_8' title="bbox 110 1537 548 1611">
     <span class='ocr_line' id='line_1_12' title="bbox 110 1537 548 1611; baseline 0 -16"><span class='ocrx_word' id='word_1_64' title='bbox 110 1537 253 1611; x_wconf 69' lang='lat' dir='ltr'>Officium.</span> <span class='ocrx_word' id='word_1_65' title='bbox 297 1537 467 1597; x_wconf 84' lang='lat' dir='ltr'>Sacerdotes</span> <span class='ocrx_word' id='word_1_66' title='bbox 481 1537 548 1596; x_wconf 91' lang='lat' dir='ltr'>Dei.</span> 
     </span>
    </p>

    <p class='ocr_par' dir='ltr' id='par_1_9' title="bbox 111 1619 222 1676">
     <span class='ocr_line' id='line_1_13' title="bbox 111 1619 222 1676; baseline -0.009 0"><span class='ocrx_word' id='word_1_67' title='bbox 111 1619 222 1676; x_wconf 83' lang='lat' dir='ltr'>Oratio.</span> 
     </span>
    </p>

    <p class='ocr_par' dir='ltr' id='par_1_10' title="bbox 68 1698 1250 1937">
     <span class='ocr_line' id='line_1_14' title="bbox 109 1698 1250 1777; baseline 0.002 -22"><span class='ocrx_word' id='word_1_68' title='bbox 109 1698 201 1769; x_wconf 88' lang='lat' dir='ltr'>Deus,</span> <span class='ocrx_word' id='word_1_69' title='bbox 216 1700 268 1775; x_wconf 93' lang='lat' dir='ltr'>qui</span> <span class='ocrx_word' id='word_1_70' title='bbox 292 1719 346 1757; x_wconf 91' lang='lat' dir='ltr'>uos</span> <span class='ocrx_word' id='word_1_71' title='bbox 369 1699 451 1758; x_wconf 87' lang='lat' dir='ltr'>beati</span> <span class='ocrx_word' id='word_1_72' title='bbox 473 1699 616 1776; x_wconf 83' lang='lat' dir='ltr'>Stephani</span> <span class='ocrx_word' id='word_1_73' title='bbox 638 1700 778 1777; x_wconf 85' lang='lat' dir='ltr'>martyris</span> <span class='ocrx_word' id='word_1_74' title='bbox 801 1701 848 1758; x_wconf 93' lang='lat' dir='ltr'>tui</span> <span class='ocrx_word' id='word_1_75' title='bbox 872 1708 962 1777; x_wconf 91' lang='lat' dir='ltr'>atque</span> <span class='ocrx_word' id='word_1_76' title='bbox 986 1701 1137 1776; x_wconf 85' lang='lat' dir='ltr'>pontificis</span> <span class='ocrx_word' id='word_1_77' title='bbox 1150 1720 1250 1759; x_wconf 75' lang='lat' dir='ltr'>annisa</span> 
     </span>
     <span class='ocr_line' id='line_1_15' title="bbox 68 1779 1250 1858; baseline 0.003 -22"><span class='ocrx_word' id='word_1_78' title='bbox 68 1779 248 1838; x_wconf 80' lang='lat' dir='ltr'>&gt;ilemnitate&#39;</span> <span class='ocrx_word' id='word_1_79' title='bbox 268 1779 407 1854; x_wconf 77' lang='lat' dir='ltr'>laetificas,</span> <span class='ocrx_word' id='word_1_80' title='bbox 428 1780 552 1839; x_wconf 91' lang='lat' dir='ltr'>concede</span> <span class='ocrx_word' id='word_1_81' title='bbox 572 1782 726 1858; x_wconf 88' lang='lat' dir='ltr'>propitius,</span> <span class='ocrx_word' id='word_1_82' title='bbox 748 1788 784 1838; x_wconf 91' lang='lat' dir='ltr'>ut</span> <span class='ocrx_word' id='word_1_83' title='bbox 803 1783 888 1858; x_wconf 85' lang='lat' dir='ltr'>cujus</span> <span class='ocrx_word' id='word_1_84' title='bbox 908 1782 1047 1840; x_wconf 86' lang='lat' dir='ltr'>natalitia</span> <span class='ocrx_word' id='word_1_85' title='bbox 1067 1782 1198 1855; x_wconf 89' lang='lat' dir='ltr'>colimus,</span> <span class='ocrx_word' id='word_1_86' title='bbox 1213 1782 1250 1840; x_wconf 92' lang='lat' dir='ltr'>de</span> 
     </span>
     <span class='ocr_line' id='line_1_16' title="bbox 68 1861 791 1937; baseline 0.008 -21"><span class='ocrx_word' id='word_1_87' title='bbox 68 1861 180 1933; x_wconf 70' lang='lat' dir='ltr'>liudem</span> <span class='ocrx_word' id='word_1_88' title='bbox 194 1863 284 1919; x_wconf 86' lang='lat' dir='ltr'>etiam</span> <span class='ocrx_word' id='word_1_89' title='bbox 299 1862 481 1937; x_wconf 88' lang='lat' dir='ltr'>protectione</span> <span class='ocrx_word' id='word_1_90' title='bbox 494 1861 680 1936; x_wconf 79' lang='lat' dir='ltr'>gaudeamus.</span> <span class='ocrx_word' id='word_1_91' title='bbox 725 1862 791 1922; x_wconf 90' lang='lat' dir='ltr'>Per.</span> 
     </span>
    </p>

    <p class='ocr_par' dir='ltr' id='par_1_11' title="bbox 109 1942 558 2019">
     <span class='ocr_line' id='line_1_17' title="bbox 109 1942 558 2019; baseline 0.004 -21"><span class='ocrx_word' id='word_1_92' title='bbox 109 1942 251 2018; x_wconf 78' lang='lat' dir='ltr'>Epistola.</span> <span class='ocrx_word' id='word_1_93' title='bbox 295 1943 401 2000; x_wconf 88' lang='lat' dir='ltr'>Omnis</span> <span class='ocrx_word' id='word_1_94' title='bbox 414 1943 558 2019; x_wconf 85' lang='lat' dir='ltr'>pontifex.</span> 
     </span>
    </p>
   </div>
   <div class='ocr_carea' id='block_1_7' title="bbox 110 2034 652 2192">
    <p class='ocr_par' dir='ltr' id='par_1_12' title="bbox 110 2034 652 2192">
     <span class='ocr_line' id='line_1_18' title="bbox 110 2034 520 2093; baseline 0.002 -1"><span class='ocrx_word' id='word_1_95' title='bbox 110 2034 245 2092; x_wconf 75' lang='lat' dir='ltr'>Gradala</span> <span class='ocrx_word' id='word_1_96' title='bbox 288 2035 364 2093; x_wconf 86' lang='lat' dir='ltr'>Ecce</span> <span class='ocrx_word' id='word_1_97' title='bbox 378 2035 520 2093; x_wconf 86' lang='lat' dir='ltr'>sacerdos.</span> 
     </span>
     <span class='ocr_line' id='line_1_19' title="bbox 110 2115 652 2192; baseline 0.006 -20"><span class='ocrx_word' id='word_1_98' title='bbox 110 2115 258 2192; x_wconf 84' lang='lat' dir='ltr'>Alleluya</span> <span class='ocrx_word' id='word_1_99' title='bbox 308 2117 335 2174; x_wconf 79' lang='lat' dir='ltr'>V.</span> <span class='ocrx_word' id='word_1_100' title='bbox 359 2116 497 2188; x_wconf 84' lang='lat' dir='ltr'>Posuisti,</span> <span class='ocrx_word' id='word_1_101' title='bbox 514 2116 652 2175; x_wconf 88' lang='lat' dir='ltr'>Domine.</span> 
     </span>
    </p>
   </div>
   <div class='ocr_carea' id='block_1_8' title="bbox 109 2207 722 2364">
    <p class='ocr_par' dir='ltr' id='par_1_13' title="bbox 109 2207 722 2364">
     <span class='ocr_line' id='line_1_20' title="bbox 109 2207 722 2285; baseline 0.007 -21"><span class='ocrx_word' id='word_1_102' title='bbox 109 2207 313 2284; x_wconf 73' lang='lat' dir='ltr'>Emapeliam.</span> <span class='ocrx_word' id='word_1_103' title='bbox 357 2209 458 2267; x_wconf 88' lang='lat' dir='ltr'>Homo</span> <span class='ocrx_word' id='word_1_104' title='bbox 472 2209 592 2285; x_wconf 76' lang='lat' dir='ltr'>qiridam</span> <span class='ocrx_word' id='word_1_105' title='bbox 606 2209 722 2268; x_wconf 79' lang='lat' dir='ltr'>nobssis.</span> 
     </span>
     <span class='ocr_line' id='line_1_21' title="bbox 112 2289 579 2364; baseline -0.002 -16"><span class='ocrx_word' id='word_1_106' title='bbox 112 2289 305 2364; x_wconf 77' lang='lat' dir='ltr'>Offerlerlam.</span> <span class='ocrx_word' id='word_1_107' title='bbox 349 2290 458 2348; x_wconf 87' lang='lat' dir='ltr'>Inveni</span> <span class='ocrx_word' id='word_1_108' title='bbox 471 2290 579 2348; x_wconf 81' lang='lat' dir='ltr'>David.</span> 
     </span>
    </p>
   </div>
   <div class='ocr_carea' id='block_1_9' title="bbox 68 2381 1249 3100">
    <p class='ocr_par' dir='ltr' id='par_1_14' title="bbox 111 2381 230 2440">
     <span class='ocr_line' id='line_1_22' title="bbox 111 2381 230 2440; baseline 0 0"><span class='ocrx_word' id='word_1_109' title='bbox 111 2381 230 2440; x_wconf 73' lang='lat' dir='ltr'>Sacram.</span> 
     </span>
    </p>

    <p class='ocr_par' dir='ltr' id='par_1_15' title="bbox 68 2462 1249 2683">
     <span class='ocr_line' id='line_1_23' title="bbox 111 2462 1248 2545; baseline 0.004 -25"><span class='ocrx_word' id='word_1_110' title='bbox 111 2462 238 2521; x_wconf 85' lang='lat' dir='ltr'>Munera</span> <span class='ocrx_word' id='word_1_111' title='bbox 248 2463 313 2535; x_wconf 88' lang='lat' dir='ltr'>tibi,</span> <span class='ocrx_word' id='word_1_112' title='bbox 326 2464 461 2535; x_wconf 86' lang='lat' dir='ltr'>Domine,</span> <span class='ocrx_word' id='word_1_113' title='bbox 475 2465 574 2522; x_wconf 88' lang='lat' dir='ltr'>dicata</span> <span class='ocrx_word' id='word_1_114' title='bbox 580 2464 738 2537; x_wconf 86' lang='lat' dir='ltr'>sanctifica,</span> <span class='ocrx_word' id='word_1_115' title='bbox 748 2471 779 2523; x_wconf 91' lang='lat' dir='ltr'>et</span> <span class='ocrx_word' id='word_1_116' title='bbox 788 2465 990 2525; x_wconf 81' lang='lat' dir='ltr'>intercedente</span> <span class='ocrx_word' id='word_1_117' title='bbox 1000 2469 1087 2525; x_wconf 89' lang='lat' dir='ltr'>beato</span> <span class='ocrx_word' id='word_1_118' title='bbox 1098 2467 1248 2545; x_wconf 87' lang='lat' dir='ltr'>Stephano</span> 
     </span>
     <span class='ocr_line' id='line_1_24' title="bbox 68 2546 1249 2674; baseline 0.003 -74"><span class='ocrx_word' id='word_1_119' title='bbox 68 2550 178 2674; x_wconf 61' lang='lat' dir='ltr'>partyre</span> <span class='ocrx_word' id='word_1_120' title='bbox 206 2550 259 2602; x_wconf 91' lang='lat' dir='ltr'>tuo</span> <span class='ocrx_word' id='word_1_121' title='bbox 286 2555 376 2622; x_wconf 90' lang='lat' dir='ltr'>atque</span> <span class='ocrx_word' id='word_1_122' title='bbox 402 2546 550 2622; x_wconf 88' lang='lat' dir='ltr'>pontifice,</span> <span class='ocrx_word' id='word_1_123' title='bbox 571 2566 625 2623; x_wconf 89' lang='lat' dir='ltr'>per</span> <span class='ocrx_word' id='word_1_124' title='bbox 650 2546 752 2604; x_wconf 86' lang='lat' dir='ltr'>eadem</span> <span class='ocrx_word' id='word_1_125' title='bbox 779 2566 832 2606; x_wconf 90' lang='lat' dir='ltr'>nos</span> <span class='ocrx_word' id='word_1_126' title='bbox 852 2547 985 2623; x_wconf 84' lang='lat' dir='ltr'>placatus</span> <span class='ocrx_word' id='word_1_127' title='bbox 1004 2549 1133 2608; x_wconf 88' lang='lat' dir='ltr'>intende.</span> <span class='ocrx_word' id='word_1_128' title='bbox 1191 2548 1249 2605; x_wconf 90' lang='lat' dir='ltr'>Per</span> 
     </span>
     <span class='ocr_line' id='line_1_25' title="bbox 84 2642 222 2683; baseline 0.036 -5"><span class='ocrx_word' id='word_1_129' title='bbox 84 2642 222 2683; x_wconf 84' lang='lat' dir='ltr'>ommam.</span> 
     </span>
    </p>

    <p class='ocr_par' dir='ltr' id='par_1_16' title="bbox 113 2705 630 2785">
     <span class='ocr_line' id='line_1_26' title="bbox 113 2705 630 2785; baseline 0 -20"><span class='ocrx_word' id='word_1_130' title='bbox 113 2705 293 2765; x_wconf 79' lang='lat' dir='ltr'>Comnram&#39;o.</span> <span class='ocrx_word' id='word_1_131' title='bbox 338 2707 474 2779; x_wconf 87' lang='lat' dir='ltr'>Domine,</span> <span class='ocrx_word' id='word_1_132' title='bbox 491 2708 630 2785; x_wconf 90' lang='lat' dir='ltr'>quinque.</span> 
     </span>
    </p>

    <p class='ocr_par' dir='ltr' id='par_1_17' title="bbox 112 2798 352 2858">
     <span class='ocr_line' id='line_1_27' title="bbox 112 2798 352 2858; baseline -0.008 -1"><span class='ocrx_word' id='word_1_133' title='bbox 112 2798 352 2858; x_wconf 82' lang='lat' dir='ltr'>Postcommania</span> 
     </span>
    </p>

    <p class='ocr_par' dir='ltr' id='par_1_18' title="bbox 68 2879 1246 3100">
     <span class='ocr_line' id='line_1_28' title="bbox 112 2879 1246 2958; baseline 0.002 -20"><span class='ocrx_word' id='word_1_134' title='bbox 112 2879 184 2939; x_wconf 81' lang='lat' dir='ltr'>Hac</span> <span class='ocrx_word' id='word_1_135' title='bbox 197 2901 252 2938; x_wconf 89' lang='lat' dir='ltr'>nos</span> <span class='ocrx_word' id='word_1_136' title='bbox 265 2880 440 2953; x_wconf 88' lang='lat' dir='ltr'>communio,</span> <span class='ocrx_word' id='word_1_137' title='bbox 456 2881 593 2953; x_wconf 90' lang='lat' dir='ltr'>Domine,</span> <span class='ocrx_word' id='word_1_138' title='bbox 609 2887 716 2958; x_wconf 86' lang='lat' dir='ltr'>purget</span> <span class='ocrx_word' id='word_1_139' title='bbox 728 2901 747 2940; x_wconf 89' lang='lat' dir='ltr'>a</span> <span class='ocrx_word' id='word_1_140' title='bbox 760 2881 891 2954; x_wconf 90' lang='lat' dir='ltr'>crimine,</span> <span class='ocrx_word' id='word_1_141' title='bbox 903 2888 934 2939; x_wconf 93' lang='lat' dir='ltr'>ct</span> <span class='ocrx_word' id='word_1_142' title='bbox 947 2882 1146 2940; x_wconf 85' lang='lat' dir='ltr'>intercedente</span> <span class='ocrx_word' id='word_1_143' title='bbox 1160 2882 1246 2940; x_wconf 85' lang='lat' dir='ltr'>beato</span> 
     </span>
     <span class='ocr_line' id='line_1_29' title="bbox 68 2960 1246 3039; baseline 0.005 -25"><span class='ocrx_word' id='word_1_144' title='bbox 68 2960 198 3036; x_wconf 81' lang='lat' dir='ltr'>tephano</span> <span class='ocrx_word' id='word_1_145' title='bbox 221 2968 352 3038; x_wconf 89' lang='lat' dir='ltr'>martyre</span> <span class='ocrx_word' id='word_1_146' title='bbox 376 2969 429 3019; x_wconf 86' lang='lat' dir='ltr'>tuo</span> <span class='ocrx_word' id='word_1_147' title='bbox 452 2970 542 3039; x_wconf 82' lang='lat' dir='ltr'>atque</span> <span class='ocrx_word' id='word_1_148' title='bbox 566 2963 713 3039; x_wconf 88' lang='lat' dir='ltr'>pontifice,</span> <span class='ocrx_word' id='word_1_149' title='bbox 728 2963 851 3021; x_wconf 75' lang='lat' dir='ltr'>ccelestis</span> <span class='ocrx_word' id='word_1_150' title='bbox 864 2962 988 3020; x_wconf 87' lang='lat' dir='ltr'>remedii</span> <span class='ocrx_word' id='word_1_151' title='bbox 1001 2964 1091 3020; x_wconf 82' lang='lat' dir='ltr'>faciat</span> <span class='ocrx_word' id='word_1_152' title='bbox 1105 2982 1166 3021; x_wconf 86' lang='lat' dir='ltr'>esee</span> <span class='ocrx_word' id='word_1_153' title='bbox 1180 2983 1246 3023; x_wconf 89' lang='lat' dir='ltr'>con-</span> 
     </span>
     <span class='ocr_line' id='line_1_30' title="bbox 68 3042 437 3100; baseline 0.003 -1"><span class='ocrx_word' id='word_1_154' title='bbox 68 3048 150 3100; x_wconf 72' lang='lat' dir='ltr'>uta.</span> <span class='ocrx_word' id='word_1_155' title='bbox 192 3042 252 3100; x_wconf 89' lang='lat' dir='ltr'>Per</span> <span class='ocrx_word' id='word_1_156' title='bbox 265 3043 437 3100; x_wconf 88' lang='lat' dir='ltr'>Dominum.</span> 
     </span>
    </p>
   </div>
   <div class='ocr_carea' id='block_1_10' title="bbox 192 3261 1101 3432">
    <p class='ocr_par' dir='ltr' id='par_1_19' title="bbox 192 3261 1101 3432">
     <span class='ocr_line' id='line_1_31' title="bbox 192 3261 1101 3330; baseline -0.006 -9"><span class='ocrx_word' id='word_1_157' title='bbox 192 3264 230 3321; x_wconf 84' lang='lat' dir='ltr'>Is</span> <span class='ocrx_word' id='word_1_158' title='bbox 253 3263 445 3321; x_wconf 74' lang='lat' dir='ltr'>invencione</span> <span class='ocrx_word' id='word_1_159' title='bbox 466 3278 571 3320; x_wconf 76' lang='lat' dir='ltr'>ssscrr</span> <span class='ocrx_word' id='word_1_160' title='bbox 593 3261 757 3329; x_wconf 80' lang='lat' dir='ltr'>Srnrnsm,</span> <span class='ocrx_word' id='word_1_161' title='bbox 779 3276 996 3330; x_wconf 78' lang='lat' dir='ltr'>sacrosancae</span> <span class='ocrx_word' id='word_1_162' title='bbox 1023 3276 1101 3319; x_wconf 74' lang='lat' dir='ltr'>rsus.</span> 
     </span>
     <span class='ocr_line' id='line_1_32' title="bbox 518 3359 779 3432; baseline -0.008 -15"><span class='ocrx_word' id='word_1_163' title='bbox 518 3359 571 3428; x_wconf 88' lang='lat' dir='ltr'>(iii.</span> <span class='ocrx_word' id='word_1_164' title='bbox 588 3359 667 3417; x_wconf 85' lang='lat' dir='ltr'>Non.</span> <span class='ocrx_word' id='word_1_165' title='bbox 684 3359 779 3432; x_wconf 74' lang='lat' dir='ltr'>Aug.)</span> 
     </span>
    </p>
   </div>
   <div class='ocr_carea' id='block_1_11' title="bbox 68 3488 1247 3635">
    <p class='ocr_par' dir='ltr' id='par_1_20' title="bbox 68 3488 1247 3635">
     <span class='ocr_line' id='line_1_33' title="bbox 112 3488 1247 3568; baseline -0.004 -18"><span class='ocrx_word' id='word_1_166' title='bbox 112 3491 249 3568; x_wconf 80' lang='lat' dir='ltr'>Officium.</span> <span class='ocrx_word' id='word_1_167' title='bbox 293 3491 412 3549; x_wconf 87' lang='lat' dir='ltr'>Etenim</span> <span class='ocrx_word' id='word_1_168' title='bbox 435 3490 582 3562; x_wconf 85' lang='lat' dir='ltr'>sederunt,</span> <span class='ocrx_word' id='word_1_169' title='bbox 608 3498 641 3547; x_wconf 82' lang='lat' dir='ltr'>at</span> <span class='ocrx_word' id='word_1_170' title='bbox 664 3489 698 3547; x_wconf 79' lang='lat' dir='ltr'>ie</span> <span class='ocrx_word' id='word_1_171' title='bbox 722 3489 806 3548; x_wconf 81' lang='lat' dir='ltr'>Festo</span> <span class='ocrx_word' id='word_1_172' title='bbox 834 3488 961 3565; x_wconf 61' lang='lat' dir='ltr'>piladem</span> <span class='ocrx_word' id='word_1_173' title='bbox 984 3489 1080 3548; x_wconf 80' lang='lat' dir='ltr'>sancti</span> <span class='ocrx_word' id='word_1_174' title='bbox 1104 3489 1247 3565; x_wconf 78' lang='lat' dir='ltr'>Steplmui</span> 
     </span>
     <span class='ocr_line' id='line_1_34' title="bbox 68 3569 429 3635; baseline -0.017 0"><span class='ocrx_word' id='word_1_175' title='bbox 68 3569 134 3635; x_wconf 60' lang='lat' dir='ltr'>fra</span> <span class='ocrx_word' id='word_1_176' title='bbox 146 3573 285 3631; x_wconf 79' lang='lat' dir='ltr'>Natalem</span> <span class='ocrx_word' id='word_1_177' title='bbox 298 3571 429 3630; x_wconf 78' lang='lat' dir='ltr'>Domini.</span> 
     </span>
    </p>
   </div>
   <div class='ocr_carea' id='block_1_12' title="bbox 68 3666 1247 4242">
    <p class='ocr_par' dir='ltr' id='par_1_21' title="bbox 113 3666 240 3725">
     <span class='ocr_line' id='line_1_35' title="bbox 113 3666 240 3725; baseline -0.016 0"><span class='ocrx_word' id='word_1_178' title='bbox 113 3666 240 3725; x_wconf 57' lang='lat' dir='ltr'>Oratio?</span> 
     </span>
    </p>

    <p class='ocr_par' dir='ltr' id='par_1_22' title="bbox 68 3744 1247 4063">
     <span class='ocr_line' id='line_1_36' title="bbox 113 3744 1246 3825; baseline -0.004 -20"><span class='ocrx_word' id='word_1_179' title='bbox 113 3746 199 3821; x_wconf 86' lang='lat' dir='ltr'>Deus,</span> <span class='ocrx_word' id='word_1_180' title='bbox 215 3747 267 3825; x_wconf 89' lang='lat' dir='ltr'>qui</span> <span class='ocrx_word' id='word_1_181' title='bbox 281 3745 487 3806; x_wconf 86' lang='lat' dir='ltr'>celebrandum</span> <span class='ocrx_word' id='word_1_182' title='bbox 501 3745 586 3802; x_wconf 90' lang='lat' dir='ltr'>nobis</span> <span class='ocrx_word' id='word_1_183' title='bbox 603 3744 774 3803; x_wconf 88' lang='lat' dir='ltr'>honorabile</span> <span class='ocrx_word' id='word_1_184' title='bbox 794 3744 882 3820; x_wconf 88' lang='lat' dir='ltr'>hujus</span> <span class='ocrx_word' id='word_1_185' title='bbox 902 3745 961 3802; x_wconf 90' lang='lat' dir='ltr'>diei</span> <span class='ocrx_word' id='word_1_186' title='bbox 984 3745 1091 3803; x_wconf 87' lang='lat' dir='ltr'>festum</span> <span class='ocrx_word' id='word_1_187' title='bbox 1115 3744 1147 3801; x_wconf 89' lang='lat' dir='ltr'>in</span> <span class='ocrx_word' id='word_1_188' title='bbox 1166 3744 1246 3801; x_wconf 88' lang='lat' dir='ltr'>beati</span> 
     </span>
     <span class='ocr_line' id='line_1_37' title="bbox 68 3825 1246 3904; baseline -0.004 -19"><span class='ocrx_word' id='word_1_189' title='bbox 68 3829 188 3904; x_wconf 39' lang='lat' dir='ltr'>*artyris</span> <span class='ocrx_word' id='word_1_190' title='bbox 205 3835 236 3887; x_wconf 88' lang='lat' dir='ltr'>et</span> <span class='ocrx_word' id='word_1_191' title='bbox 261 3829 369 3900; x_wconf 74' lang='lat' dir='ltr'>levitae,</span> <span class='ocrx_word' id='word_1_192' title='bbox 395 3826 547 3904; x_wconf 84' lang='lat' dir='ltr'>Stephani,</span> <span class='ocrx_word' id='word_1_193' title='bbox 569 3826 733 3899; x_wconf 84' lang='lat' dir='ltr'>Nicodemi‚</span> <span class='ocrx_word' id='word_1_194' title='bbox 760 3825 932 3884; x_wconf 85' lang='lat' dir='ltr'>Gamaliclis</span> <span class='ocrx_word' id='word_1_195' title='bbox 951 3833 1041 3902; x_wconf 88' lang='lat' dir='ltr'>atque</span> <span class='ocrx_word' id='word_1_196' title='bbox 1062 3825 1181 3882; x_wconf 90' lang='lat' dir='ltr'>Abibon</span> <span class='ocrx_word' id='word_1_197' title='bbox 1203 3826 1246 3880; x_wconf 92' lang='lat' dir='ltr'>in·</span> 
     </span>
     <span class='ocr_line' id='line_1_38' title="bbox 68 3906 1247 3984; baseline -0.002 -20"><span class='ocrx_word' id='word_1_198' title='bbox 68 3911 188 3967; x_wconf 55' lang='lat' dir='ltr'>&amp;ntione</span> <span class='ocrx_word' id='word_1_199' title='bbox 201 3909 353 3981; x_wconf 85' lang='lat' dir='ltr'>tribuisti;</span> <span class='ocrx_word' id='word_1_200' title='bbox 373 3916 403 3966; x_wconf 90' lang='lat' dir='ltr'>te</span> <span class='ocrx_word' id='word_1_201' title='bbox 427 3907 572 3984; x_wconf 86' lang='lat' dir='ltr'>supplices</span> <span class='ocrx_word' id='word_1_202' title='bbox 595 3927 759 3979; x_wconf 82' lang='lat' dir='ltr'>exoramus,</span> <span class='ocrx_word' id='word_1_203' title='bbox 780 3915 816 3964; x_wconf 92' lang='lat' dir='ltr'>ut</span> <span class='ocrx_word' id='word_1_204' title='bbox 842 3907 973 3983; x_wconf 81' lang='lat' dir='ltr'>ipsorum</span> <span class='ocrx_word' id='word_1_205' title='bbox 997 3906 1247 3964; x_wconf 87' lang='lat' dir='ltr'>intercedentibus</span> 
     </span>
     <span class='ocr_line' id='line_1_39' title="bbox 68 3988 832 4063; baseline -0.001 -17"><span class='ocrx_word' id='word_1_206' title='bbox 68 3989 171 4063; x_wconf 72' lang='lat' dir='ltr'>enen,</span> <span class='ocrx_word' id='word_1_207' title='bbox 187 4010 353 4049; x_wconf 87' lang='lat' dir='ltr'>mereamur</span> <span class='ocrx_word' id='word_1_208' title='bbox 365 3991 397 4046; x_wconf 92' lang='lat' dir='ltr'>in</span> <span class='ocrx_word' id='word_1_209' title='bbox 411 3989 574 4047; x_wconf 74' lang='lat' dir='ltr'>celestibus</span> <span class='ocrx_word' id='word_1_210' title='bbox 588 3988 723 4048; x_wconf 84' lang='lat' dir='ltr'>inveniri.</span> <span class='ocrx_word' id='word_1_211' title='bbox 766 3988 832 4046; x_wconf 90' lang='lat' dir='ltr'>Per.</span> 
     </span>
    </p>

    <p class='ocr_par' dir='ltr' id='par_1_23' title="bbox 68 4083 1245 4242">
     <span class='ocr_line' id='line_1_40' title="bbox 112 4083 1245 4162; baseline -0.002 -20"><span class='ocrx_word' id='word_1_212' title='bbox 112 4086 250 4162; x_wconf 81' lang='lat' dir='ltr'>Epistola,</span> <span class='ocrx_word' id='word_1_213' title='bbox 273 4085 409 4157; x_wconf 67' lang='lat' dir='ltr'>Gradcale,</span> <span class='ocrx_word' id='word_1_214' title='bbox 424 4084 752 4161; x_wconf 68' lang='lat' dir='ltr'>Alleluya,1S&#39;eqaeu-tia,</span> <span class='ocrx_word' id='word_1_215' title='bbox 768 4083 970 4158; x_wconf 72' lang='lat' dir='ltr'>Euactpcliam,</span> <span class='ocrx_word' id='word_1_216' title='bbox 988 4083 1064 4141; x_wconf 81' lang='lat' dir='ltr'>Ecce</span> <span class='ocrx_word' id='word_1_217' title='bbox 1084 4102 1137 4160; x_wconf 85' lang='lat' dir='ltr'>ego</span> <span class='ocrx_word' id='word_1_218' title='bbox 1158 4083 1245 4140; x_wconf 92' lang='lat' dir='ltr'>mitto</span> 
     </span>
     <span class='ocr_line' id='line_1_41' title="bbox 68 4155 1048 4242; baseline 0.001 -19"><span class='ocrx_word' id='word_1_219' title='bbox 68 4155 86 4216; x_wconf 67' lang='lat'>1</span> <span class='ocrx_word' id='word_1_220' title='bbox 104 4186 170 4240; x_wconf 77' lang='lat' dir='ltr'>vos3</span> <span class='ocrx_word' id='word_1_221' title='bbox 191 4167 387 4242; x_wconf 78' lang='lat' dir='ltr'>Offertcriam,</span> <span class='ocrx_word' id='word_1_222' title='bbox 402 4175 437 4224; x_wconf 79' lang='lat' dir='ltr'>ec</span> <span class='ocrx_word' id='word_1_223' title='bbox 450 4167 484 4224; x_wconf 82' lang='lat' dir='ltr'>ia</span> <span class='ocrx_word' id='word_1_224' title='bbox 494 4167 554 4224; x_wconf 80' lang='lat' dir='ltr'>alio</span> <span class='ocrx_word' id='word_1_225' title='bbox 566 4167 651 4224; x_wconf 83' lang='lat' dir='ltr'>Festo</span> <span class='ocrx_word' id='word_1_226' title='bbox 665 4165 749 4241; x_wconf 75' lang='lat' dir='ltr'>ires-m</span> <span class='ocrx_word' id='word_1_227' title='bbox 765 4164 903 4223; x_wconf 82' lang='lat' dir='ltr'>Natalem</span> <span class='ocrx_word' id='word_1_228' title='bbox 916 4164 1048 4224; x_wconf 76' lang='lat' dir='ltr'>Domini.</span> 
     </span>
    </p>
   </div>
   <div class='ocr_carea' id='block_1_13' title="bbox 68 4332 1249 4506">
    <p class='ocr_par' dir='ltr' id='par_1_24' title="bbox 68 4332 1249 4506">
     <span class='ocr_line' id='line_1_42' title="bbox 68 4332 1247 4396; baseline -0.003 -12"><span class='ocrx_word' id='word_1_229' title='bbox 68 4383 71 4391; x_wconf 83' lang='lat'><strong><em>‚</em></strong></span> <span class='ocrx_word' id='word_1_230' title='bbox 114 4338 125 4361; x_wconf 79' lang='lat'>⁸</span> <span class='ocrx_word' id='word_1_231' title='bbox 139 4336 262 4384; x_wconf 67' lang='lat' dir='ltr'>lis-Da</span> <span class='ocrx_word' id='word_1_232' title='bbox 270 4337 349 4386; x_wconf 77' lang='lat' dir='ltr'>nobis,</span> <span class='ocrx_word' id='word_1_233' title='bbox 359 4351 505 4396; x_wconf 81' lang='lat' dir='ltr'>qrrmsumus,</span> <span class='ocrx_word' id='word_1_234' title='bbox 517 4336 626 4391; x_wconf 88' lang='lat' dir='ltr'>Domine,</span> <span class='ocrx_word' id='word_1_235' title='bbox 635 4335 722 4380; x_wconf 82' lang='lat' dir='ltr'>imitari</span> <span class='ocrx_word' id='word_1_236' title='bbox 738 4335 800 4392; x_wconf 90' lang='lat' dir='ltr'>quod</span> <span class='ocrx_word' id='word_1_237' title='bbox 812 4334 921 4389; x_wconf 87' lang='lat' dir='ltr'>colimus,</span> <span class='ocrx_word' id='word_1_238' title='bbox 932 4338 959 4380; x_wconf 91' lang='lat' dir='ltr'>ut</span> <span class='ocrx_word' id='word_1_239' title='bbox 969 4334 1090 4379; x_wconf 79' lang='lat' dir='ltr'>‹liscnmus</span> <span class='ocrx_word' id='word_1_240' title='bbox 1098 4336 1123 4378; x_wconf 87' lang='lat' dir='ltr'>ot</span> <span class='ocrx_word' id='word_1_241' title='bbox 1137 4332 1247 4379; x_wconf 85' lang='lat' dir='ltr'>inimicus</span> 
     </span>
     <span class='ocr_line' id='line_1_43' title="bbox 68 4385 1249 4456; baseline -0.002 -14"><span class='ocrx_word' id='word_1_242' title='bbox 68 4385 162 4454; x_wconf 69' lang='lat' dir='ltr'>lligcrc,</span> <span class='ocrx_word' id='word_1_243' title='bbox 171 4396 292 4456; x_wconf 83' lang='lat' dir='ltr'>qniaejus</span> <span class='ocrx_word' id='word_1_244' title='bbox 306 4397 468 4443; x_wconf 75' lang='lat' dir='ltr'>inventionem</span> <span class='ocrx_word' id='word_1_245' title='bbox 482 4397 637 4452; x_wconf 79' lang='lat' dir='ltr'>celebramus,</span> <span class='ocrx_word' id='word_1_246' title='bbox 648 4395 689 4452; x_wconf 85' lang='lat' dir='ltr'>qui</span> <span class='ocrx_word' id='word_1_247' title='bbox 705 4396 775 4439; x_wconf 73' lang='lat' dir='ltr'>rrovit</span> <span class='ocrx_word' id='word_1_248' title='bbox 791 4395 862 4438; x_wconf 78' lang='lat' dir='ltr'>ctiam</span> <span class='ocrx_word' id='word_1_249' title='bbox 878 4408 923 4453; x_wconf 89' lang='lat' dir='ltr'>pro</span> <span class='ocrx_word' id='word_1_250' title='bbox 940 4393 1135 4454; x_wconf 85' lang='lat' dir='ltr'>persecutoribus</span> <span class='ocrx_word' id='word_1_251' title='bbox 1150 4406 1249 4440; x_wconf 84' lang='lat' dir='ltr'>exorare</span> 
     </span>
     <span class='ocr_line' id='line_1_44' title="bbox 68 4453 875 4506; baseline -0.005 -5"><span class='ocrx_word' id='word_1_252' title='bbox 68 4454 182 4502; x_wconf 69' lang='lat' dir='ltr'>&#39;omnum</span> <span class='ocrx_word' id='word_1_253' title='bbox 192 4460 303 4503; x_wconf 80' lang='lat' dir='ltr'>nostrum</span> <span class='ocrx_word' id='word_1_254' title='bbox 312 4456 397 4503; x_wconf 74' lang='lat' dir='ltr'>lesum</span> <span class='ocrx_word' id='word_1_255' title='bbox 408 4456 531 4501; x_wconf 78' lang='lat' dir='ltr'>(llrristum</span> <span class='ocrx_word' id='word_1_256' title='bbox 543 4455 633 4500; x_wconf 86' lang='lat' dir='ltr'>Filium</span> <span class='ocrx_word' id='word_1_257' title='bbox 643 4460 717 4500; x_wconf 87' lang='lat' dir='ltr'>tuum.</span> <span class='ocrx_word' id='word_1_258' title='bbox 749 4454 796 4506; x_wconf 74' lang='lat' dir='ltr'>(lui</span> <span class='ocrx_word' id='word_1_259' title='bbox 807 4453 875 4498; x_wconf 76' lang='lat' dir='ltr'>vivit.</span> 
     </span>
    </p>
   </div>
   <div class='ocr_carea' id='block_1_14' title="bbox 0 0 1407 4920">
    <p class='ocr_par' dir='ltr' id='par_1_25' title="bbox 0 0 1407 4920">
     <span class='ocr_line' id='line_1_45' title="bbox 0 0 1407 4920; baseline 0 0"><span class='ocrx_word' id='word_1_260' title='bbox 0 0 1407 4920; x_wconf 95' lang='lat' dir='ltr'> </span> 
     </span>
    </p>
   </div>
  </div>
 </body>
</html>
