2804 4920
554 353 650 419 Festo
664 353 770 420 Julii.

222 560 408 620 Saucronuu
430 560 551 619 Sumus
573 561 806 622 Dosmnnrmu.
852 563 903 640 (ri.
920 563 990 623 Kal.
1007 563 1099 641 Aug.)

122 688 286 763 Officium!
331 690 512 768 Sapientiam
526 698 702 750 sanctornm.

122 769 233 828 Oratio.
1152 822 1153 826 ,

121 851 215 922 Deus,
228 852 280 928 qui
294 852 453 910 Ecclesiam
465 860 549 910 tuam
563 873 662 911 annuo
676 860 845 911 sanctorum
855 862 1019 931 martyrum
1033 863 1153 914 tuorum
1167 854 1264 912 Maxi·

82 932 165 1003 ciani,
183 932 296 990 Malehi
309 940 340 990 et
358 933 536 991 Martinisui
556 935 759 1010 sociorumque
780 955 882 992 eorum
899 935 1097 1005 sollemnitate
1117 935 1247 993 laetificas
1256 956 1265 1007 ;

82 1013 190 1071 ›ncede
212 1013 367 1090 propitius,
389 1021 425 1072 ut
445 1016 522 1072 sicut
538 1015 571 1071 in
590 1014 710 1072 illorum
732 1015 909 1074 dormitione
929 1023 960 1074 te
980 1017 1143 1075 mirabilem
1163 1017 1266 1094 praedi-

82 1102 173 1165 rntes,
190 1102 243 1151 tua
262 1095 409 1171 magnalia
428 1095 585 1171 temporali
605 1097 785 1154 celebramus
805 1097 907 1170 officio,
922 1098 1009 1155 sicin
1022 1098 1130 1156 caelesti
1148 1099 1265 1175 regione

82 1194 167 1232 irum
182 1183 324 1252 perpetuo
337 1194 502 1233 mereamur
515 1176 638 1234 adunari
652 1177 806 1236 consortio.
849 1177 915 1236 Per.

123 1255 268 1331 Epistola.
310 1256 467 1325 Justorum
480 1257 594 1316 animae.

125 1336 262 1395 Grmlale.
307 1337 517 1396 Exsultabunt.

82 1418 96 1476 '.
126 1418 255 1476 (lentate
268 1417 406 1476 Domino.

126 1498 277 1574 Alleluys.
327 1498 356 1557 V.
378 1500 640 1577 Fulgebuntjusti.

126 1580 330 1653 Emoqeliam.
374 1579 450 1638 Cum
464 1581 624 1639 audieritis,

128 1661 324 1735 offertorium.
367 1661 526 1719 Lretamini
539 1663 572 1719 in
586 1662 723 1721 Domino.

126 1744 249 1800 Semta.

128 1823 279 1880 Sacrificio
292 1823 350 1881 ista
361 1823 416 1880 tibi
430 1843 501 1880 vero
511 1830 679 1900 aeternoque
693 1824 835 1900 pontifici,
848 1825 984 1896 Domine,
997 1825 1096 1883 oblate
1109 1825 1267 1893 sanctifica,

82 1910 96 1960 t
118 1905 230 1960 sanctis
250 1904 312 1960 tuis
332 1905 532 1976 exorant-ibus,
549 1905 593 1962 ita
605 1925 659 1962 nos
672 1906 718 1963 fac
731 1906 793 1963 luco
807 1907 947 1982 mysteria
968 1912 1103 1979 tractare,
1119 1913 1155 1964 ut
1168 1912 1200 1963 et
1213 1905 1269 1983 ipsi

82 1985 125 2041 ibi
139 1985 285 2060 templum
299 1991 330 2042 et
344 1985 440 2042 lrostia
454 2005 515 2043 csse
529 2006 698 2044 mereamur.
743 1987 809 2044 Per.

131 2065 314 2125 Communis.
357 2066 641 2124 Justorumanimae.

130 2145 374 2204 postcommunio.

130 2227 371 2285 Immortalitatis
382 2227 523 2285 alimonia
536 2248 595 2304 qua
607 2229 756 2304 pascimur
768 2235 799 2287 et
819 2235 966 2306 potamur,
982 2228 1053 2287 illuc
1070 2236 1179 2302 nostra,
1194 2249 1271 2306 quse·

84 2327 181 2380 umus,
211 2308 349 2378 Domine,
374 2310 506 2366 enutriat
529 2309 682 2382 desideria,
708 2310 760 2367 ubi
786 2311 861 2367 visio
882 2320 936 2370 tua
959 2318 1075 2369 sanctos
1096 2320 1162 2369 tuos
1183 2311 1273 2369 beati-

85 2389 185 2446 udinis
199 2395 315 2447 aeternae
330 2389 424 2447 reficit
439 2409 553 2447 manns.
598 2389 662 2448 Per.

261 2591 372 2650 Sascrr
394 2592 619 2664 Pmrsnnosrs
643 2609 803 2651 ussrrsrs.
849 2593 888 2670 (v.
905 2592 975 2651 Kal.
992 2593 1085 2671 Aug.)

134 2723 275 2797 Officium.
319 2721 485 2779 Laetabitur
494 2723 602 2798 justus.

134 2803 245 2861 Oratio.

129 2885 221 2956 Dens,
234 2883 286 2960 qui
300 2883 379 2941 hunc
392 2883 471 2940 diem
485 2884 564 2941 beati
580 2883 768 2942 Pantaleonis
782 2885 957 2942 consecrasti
971 2885 1131 2961 martyri0;
1153 2892 1270 2962 praesta,

82 2985 248 3040 possumus,
264 2971 299 3021 ut
312 2965 404 3041 ipsius
418 2965 589 3022 interventu
604 2965 658 3022 hoc
672 2965 704 3022 in
718 2966 827 3023 nostris
845 2966 948 3024 floreat
965 2966 1087 3039 actibus,
1103 2967 1182 3044 quod
1202 2987 1275 3044 prae-

82 3047 141 3103 niis
154 3052 361 3103 remuneretur
375 3044 545 3103 caelestibus
589 3045 654 3103 Per.

131 3127 278 3185 Mentoris
291 3127 325 3183 de
339 3135 436 3184 cuncto
449 3126 615 3202 Sampsone.
660 3126 790 3192 Oratio.†

134 3208 331 3284 Omnipotens
350 3207 527 3284 sempiterne
547 3206 638 3279 Deus,
658 3209 710 3285 qui
735 3209 767 3265 in
788 3208 898 3266 sanctis
921 3208 1067 3285 praecipue
1091 3209 1220 3266 laudaris
1243 3216 1273 3268 et

82 3289 250 3346 mirabiliter
260 3288 433 3365 praedicaris,
444 3287 551 3359 tribue,
561 3308 737 3364 quaesumus,
749 3290 833 3347 nobis
846 3289 1018 3347 hodiernam
1032 3290 1109 3346 diem
1119 3290 1273 3348 inhonore

82 3371 167 3427 saneti
192 3369 361 3446 Sampsonis
381 3369 552 3426 confessoris
573 3369 620 3427 tui
642 3377 731 3446 atque
756 3370 902 3446 pontificis
925 3371 1013 3448 digne
1034 3370 1188 3444 celebrare,
1215 3391 1273 3447 qua

82 3450 212 3508 membris
226 3456 335 3508 exutus
348 3450 477 3527 eorporis
490 3448 654 3508 celestibus
668 3452 777 3508 meruit
790 3451 939 3510 exsultare
952 3453 1149 3510 sacramentis
1194 3453 1258 3511 Per.

134 3531 276 3608 Eputola.
319 3531 430 3589 Beatus
443 3530 499 3601 vir,
513 3531 565 3608 qui
579 3531 611 3588 in
625 3531 777 3607 sapientia

136 3611 272 3670 Gradale.
314 3612 337 3671 J
338 3618 423 3670 ustus
436 3631 497 3669 non
511 3613 743 3670 conturbabitur.

86 3690 113 3750 l'.
135 3693 212 3751 Tota
224 3693 282 3751 die.

134 3774 282 3851 Alleluya.
332 3773 361 3833 l'.
385 3772 522 3844 Posuisti,
538 3772 673 3832 Domine.

134 3854 336 3930 Evanqeliuue
380 3854 467 3912 Nihil
481 3860 624 3930 opertum.

137 3935 330 4010 Offertorium.
373 3935 413 3992 In
426 3935 546 3993 virtute.

135 4017 254 4075 Secreta

135 4097 246 4157 Beatus
280 4096 446 4155 Pantaleon
472 4103 586 4173 martyr
611 4104 691 4168 tuus,
724 4097 861 4170 Domine,
890 4100 941 4175 qui
969 4099 1092 4157 diversis
1119 4099 1270 4176 suppliciis

87 4186 238 4237 maceratus
250 4178 320 4236 viva
339 4186 371 4237 et
388 4197 458 4237 vers
477 4179 555 4236 facts
574 4185 619 4236 est
640 4178 758 4252 oblatio,
774 4179 835 4237 haec
854 4180 909 4237 tibi
932 4180 970 4237 ad
991 4181 1117 4239 salutem
1140 4187 1268 4238 nostrum

86 4259 218 4328 gsnfioet
230 4258 382 4318 libamina.
424 4258 490 4317 Per.

137 4388 150 4414 Ο

139 4386 447 4516 ἳξὲἰῖῗὶὲᾛὲεᾬυε,
456 4446 607 4505 omnipotens
622 4445 697 4501 Deus,
706 4450 734 4492 ut
748 4446 810 4517 beati
827 4446 968 4506 Sampsouis
982 4448 1128 4495 contessoris
1144 4450 1178 4496 tui
1196 4452 1268 4510 atque

87 4505 198 4554 mutuo·
206 4505 344 4555 veremudo
352 4505 501 4553 sollemnitas
510 4512 536 4553 et
544 4505 695 4553 devotionum
705 4505 774 4553 nobrs
784 4512 872 4564 augeat
881 4510 904 4552 et
914 4507 1021 4554 sulutem.
1052 4508 1106 4555 Per.
