2804 4920
533 621 649 695 Psrnn,
671 639 796 682 cnsern

385 736 483 808 Pater,
498 741 605 794 cuncta
617 736 670 814 qui
682 738 836 812 gubernas,
851 736 976 813 eleyson

388 816 497 875 Sedens
510 817 592 875 sedes
604 817 637 874 in
649 819 793 894 supernis,
808 818 932 894 eleyson

386 897 507 956 Placido
520 917 575 955 nos
587 898 674 955 vultu
687 917 796 972 cernas,
812 898 936 975 eleyson.

386 978 412 1037 0
428 978 554 1050 Christe,
568 980 692 1036 verbum
706 979 814 1052 Petris,
828 980 954 1057 eleyson.

384 1059 509 1117 Intaetae
523 1059 566 1116 fili
579 1060 692 1132 matris,
706 1060 832 1137 eleyson

384 1139 526 1198 Tenebris
539 1159 577 1198 ne
590 1140 695 1198 demur
713 1141 794 1212 atris,
810 1140 936 1216 eleyson.

383 1220 436 1278 Ab
448 1227 574 1298 utroque
586 1221 702 1297 spirans
715 1221 847 1292 Flamen,
862 1221 986 1298 eleyson

385 1300 564 1359 Miserorum
577 1301 771 1374 oonsolsmen‚
786 1302 911 1378 eleyson

383 1381 575 1440 Peooatorum
590 1383 663 1441 dans
676 1383 820 1455 levamen,
835 1383 961 1458 eleyson.

625 1590 688 1649 111.

514 1714 540 1773 Ο
562 1715 633 1772 Rsx
653 1731 796 1773 cnnnnss.

222 1827 249 1886 0
263 1846 318 1885 rex
330 1826 465 1898 clemens,
480 1846 535 1885 rex
548 1828 743 1904 omnipotens,
758 1829 882 1905 eleyson.

223 1908 367 1966 Conditor
379 1908 427 1985 pie
440 1908 624 1979 immortalis,
639 1908 764 1984 eleyson

221 1988 276 2058 n,
290 1989 343 2066 qui
356 1989 443 2063 solus,
457 1995 564 2047 cuneta
576 1989 730 2066 gubernus,
746 1989 872 2066 eleyson

222 2069 359 2128 Christus
372 2070 433 2128 tuis
446 2069 638 2127 condonando
650 2087 730 2127 nunc
744 2071 875 2143 erimina,
890 2070 1015 2146 eleyson

222 2150 263 2208 Es
276 2151 329 2228 qui
342 2157 447 2227 potens
461 2149 573 2208 solvere
586 2170 682 2208 nexus
695 2157 802 2223 reatus,
818 2152 943 2227 eleyson

221 2230 263 2288 Et
276 2232 329 2308 qui
341 2231 516 2309 protoplasti
529 2230 605 2289 Adae
618 2238 714 2289 morte
727 2232 834 2304 vicisti,
850 2232 975 2309 eleyson

222 2312 327 2388 Kyne,
343 2332 396 2369 rex
411 2311 549 2383 Sabaoth,
564 2318 666 2370 nostra
679 2318 709 2370 et
722 2332 838 2371 summa
850 2314 937 2386 salus,
952 2315 1079 2392 eleyson.

221 2392 326 2470 Kyrie,
341 2399 476 2450 sanetum
489 2393 624 2450 Pneums
637 2399 668 2451 et
681 2392 716 2465 0
732 2394 826 2465 nobis,
842 2402 877 2452 tu
891 2394 985 2468 Soter,
1000 2396 1133 2472 eleyson.

222 2473 320 2550 Kyrie
334 2474 360 2533 0
374 2471 530 2551 pstyron,
544 2473 570 2532 Ο
584 2473 668 2531 theos
680 2480 794 2548 panton
808 2481 918 2546 craton,

222 2553 354 2613 Eutheos
366 2554 543 2613 Emmanuel
545 2573 650 2630 ,ymas
664 2555 790 2631 eleyson

623 2761 683 2821 IV.

533 2875 628 2934 Onsrs
649 2893 774 2937 rseron

258 2991 346 3050 Orbis
358 2992 461 3065 faetor,
477 3011 532 3050 rex
544 2998 662 3066 eterne,
676 2992 802 3069 eleyson.

257 3072 382 3131 Pietatis
395 3074 461 3131 fons
475 3071 633 3145 immense,
647 3073 774 3150 eleyson.

257 3153 360 3212 Norae
372 3173 474 3212 omnes
487 3159 602 3213 nostras
614 3154 700 3231 pelle,
714 3155 840 3231 eleyson

257 3234 383 3307 Christe,
398 3235 451 3311 qui
463 3235 518 3292 lux
531 3254 562 3293 es
575 3235 688 3308 mundi,
703 3235 790 3294 dator
802 3236 882 3309 vitae,
897 3236 1022 3314 eleyson.

256 3317 334 3372 Arte
346 3315 430 3374 loesos
442 3315 608 3374 damonum
622 3316 746 3389 intuere,
762 3316 889 3393 eleyson

257 3394 441 3454 Confirmans
453 3403 485 3454 te
498 3396 649 3454 eredentes
662 3417 903 3475 conservansque,
919 3397 1045 3476 eleyson

256 3477 376 3535 Patrem
389 3484 485 3550 tuum,
501 3476 609 3552 Teque,
625 3476 748 3536 Flamen
762 3485 964 3555 utrorumque,
979 3479 1106 3556 eleyson,

257 3556 354 3616 Deum
367 3558 476 3616 seimus
489 3577 582 3615 unum
596 3566 686 3635 atque
699 3559 812 3617 trinum
826 3579 896 3632 esse,
911 3559 1037 3636 eleyson

256 3638 390 3697 Clemens
402 3639 488 3696 nobis
500 3638 582 3708 assis,
596 3638 619 3697 J
619 3659 671 3698 esu
685 3641 770 3712 bone,
784 3646 820 3697 ut
832 3640 968 3698 vivamus
980 3641 1013 3699 in
1026 3648 1065 3716 te,
1081 3642 1205 3719 eleyson.

627 3852 668 3914 V.

532 3967 770 4028 Gurerrrornrs

212 4084 425 4162 cunctipotens
436 4082 562 4160 genitor,
577 4082 667 4156 Deus,
682 4083 814 4142 omnium
828 4090 949 4157 creator,
964 4084 1090 4162 eleyson

211 4164 291 4223 Fons
304 4171 335 4224 et
347 4166 429 4242 origo
442 4163 522 4236 boni,
537 4163 595 4240 pie,
608 4164 721 4241 luxque
733 4166 877 4242 perennis,
891 4165 1016 4242 eleyson

210 4245 361 4305 Salvifioet
373 4247 467 4323 pietas
480 4251 609 4317 suanos,
624 4246 817 4317 bonereetor,
831 4246 956 4322 eleyson

209 4325 336 4402 Christe,
351 4326 411 4386 Dei
422 4325 569 4404 splendor,
583 4289 688 4400 virtus,
704 4326 861 4404 Patrisque
873 4327 984 4405 sophm
999 4326 1123 4404 eleyson
1242 4360 1248 4370 ·

527 4457 687 4509 'te-nr
671 4457 753 4521 asper
