2804 4920
497 347 594 413 Festa
615 346 825 434 Septembris.

118 513 302 573 Ornamentis.
346 513 514 572 Posuerunt
528 513 671 573 mortalia.

118 595 363 653 postcommunio.

117 675 292 734 slaeleetibus
318 677 422 735 refecti
448 677 638 734 sacramentis
665 682 695 733 ct
721 676 845 753 gaudiis,
869 675 1014 753 supplices
1048 682 1078 734 te
1110 695 1256 752 rogamus,

50 757 243 833 omnipotens
264 758 354 830 Deus,
369 763 405 815 ut
423 777 550 834 quorum
563 758 725 834 gloriamur
739 757 906 834 triumphis,
926 763 1116 834 protegamur
1129 757 1258 816 auxiliis.

54 836 117 896 Per
131 838 302 897 Dominum.

172 1035 300 1096 Smecrn
321 1036 440 1107 Tacere,
462 1053 598 1094 vrncrms
618 1052 681 1094 nos
701 1051 864 1094 nsnrrms.
908 1036 961 1112 (irc
979 1035 1049 1094 Kal.
1066 1035 1146 1114 Oct.)

118 1166 260 1242 Officium.
304 1167 465 1245 Loquebar.

117 1249 228 1306 Oratio.

117 1327 314 1406 Omnipotens
336 1330 513 1405 sempiterne
536 1330 627 1401 Deus,
650 1328 701 1405 qui
726 1348 787 1386 non
807 1329 927 1387 idoneos
947 1349 1001 1387 nos
1021 1349 1082 1388 esse
1102 1330 1256 1406 perpendis

57 1408 93 1465 ad
107 1411 293 1485 majestatem
307 1417 398 1482 tuam,
413 1412 491 1468 sicut
504 1410 627 1487 dignum
641 1417 693 1481 est,
708 1411 896 1483 exorandam,
908 1411 952 1468 fec
966 1417 1097 1468 sanctam
1110 1411 1255 1487 virginem

56 1496 138 1547 tuam
153 1490 271 1549 Teclem
291 1510 345 1568 pro
366 1491 452 1548 nobis
468 1492 648 1549 intervenire
657 1492 792 1568 peccetis,
807 1492 891 1566 cujus
904 1491 1018 1549 meritis
1031 1491 1116 1548 nobis
1137 1491 1254 1567 indulg-

57 1571 168 1628 entium
182 1571 323 1648 largiaris.
366 1571 432 1629 Per.

97 1648 257 1727 'Epistclm
300 1651 428 1710 Domine
443 1653 524 1711 Deus
537 1672 626 1711 meus.

116 1733 251 1791 Grcdcle.
295 1734 396 1809 Specie
410 1740 470 1791 tuu.

113 1813 264 1891 Alleluya
313 1815 341 1872 l'.
366 1814 467 1890 Specie
480 1821 539 1871 tua

114 1894 317 1970 Eeunqelimn.
360 1895 463 1952 Simile
476 1902 521 1953 est
534 1914 658 1972 regnum
671 1895 809 1953 caelorum
823 1894 968 1953 thesauro.

115 1976 310 2049 Offertmiarrr.
354 1976 531 2048 Offerentur,
548 1977 654 2035 ricinus.

111 2056 233 2116 secreta.

114 2137 252 2209 Intende,
281 2158 458 2215 qrraesumus,
487 2137 623 2206 Domine,
652 2158 775 2196 munera
809 2138 952 2196 altaribus
986 2137 1046 2195 tuis
1080 2158 1132 2214 pro
1160 2138 1254 2195 beatio

52 2219 178 2294 virginis
206 2225 265 2277 ture
291 2219 384 2277 Teclae
411 2221 688 2277 commemoratione
708 2220 858 2295 proposita
870 2240 878 2291 ;
903 2226 939 2276 ut
959 2218 1036 2276 sicut
1059 2219 1105 2276 illi
1127 2219 1253 2295 gretiam

52 2299 216 2371 contulisti,
239 2301 284 2357 ite.
307 2302 371 2377 ejus
394 2301 566 2358 interventu
590 2300 675 2357 nobis
695 2300 912 2377 indulgentiam
935 2300 1092 2358 concedere
1116 2300 1251 2376 digneris.

53 2379 119 2437 Per.

112 2459 296 2519 Contmunio.
340 2461 524 2519 Diffusaest.

111 2541 354 2600 postcommunio.

112 2623 265 2699 Supplices
279 2630 309 2681 te
323 2642 467 2698 rogamus,
482 2623 668 2698 omnipotens
688 2622 777 2694 Deus,
793 2629 828 2679 ut
849 2624 1051 2681 intercedente
1064 2623 1180 2698 virgine
1200 2629 1253 2679 tus

49 2702 145 2776 Tecls,
160 2710 191 2761 et
205 2713 257 2761 tua
270 2705 303 2761 in
317 2705 402 2762 nobis
416 2704 493 2762 dona
506 2704 693 2780 multiplices,
705 2711 735 2762 et
746 2710 878 2779 tempora
888 2704 1141 2781 nostradisponas.
1185 2697 1249 2760 Per.

169 2955 282 3013 Senem
304 2953 441 3028 meru,
464 2971 598 3014 nmscom
620 2973 838 3015 erueremus.
884 2958 945 3035 (vii.
963 2957 1032 3016 Kal.
1049 2958 1129 3034 Oct.)

109 3093 249 3167 Officium
292 3093 314 3151 J
315 3100 399 3152 ustus
413 3114 472 3152 non
486 3096 718 3155 conturbabitur.

108 3172 239 3231 Oratio*

107 3254 304 3327 Omnipotens
317 3256 492 3332 sempiterne
507 3255 597 3327 Deus,
613 3258 665 3333 qui
679 3258 850 3316 hodiernam
861 3259 938 3317 diem
950 3259 1150 3317 honorabilem
1163 3259 1250 3316 nobis

47 3335 79 3392 in
91 3335 173 3393 beati
188 3335 316 3393 Fir-mini
330 3338 468 3411 martyris
482 3339 528 3394 tui
541 3345 630 3415 atquc
644 3339 790 3414 pontilicis
810 3340 1008 3398 sollemnitate
1022 3341 1155 3398 tribuisti
1170 3360 1178 3412 ;
1201 3340 1247 3410 da,

46 3435 222 3492 quaesumus,
239 3417 375 3474 Ecclesire
393 3424 452 3474 ture
471 3419 503 3474 in
524 3418 577 3476 hac
598 3418 768 3477 celebritate
789 3420 933 3492 laetitiam,
955 3428 991 3477 ut
1008 3422 1092 3498 cujus
1106 3423 1183 3480 festu
1199 3421 1249 3497 pio

46 3516 144 3555 amore
158 3516 335 3554 veneramur
348 3499 380 3555 in
394 3500 488 3571 terris,
503 3501 566 3575 ejus
581 3499 787 3558 intercessione
801 3501 988 3559 sublevemur
1000 3502 1033 3559 in
1047 3503 1133 3561 omlis.
1182 3503 1246 3560 Per.

106 3579 248 3654 Epistola.
292 3578 397 3636 Omnis
411 3581 553 3656 pontifex,

108 3659 244 3719 Gradcle.
287 3660 307 3717 J
312 3661 417 3718 surrevit.

105 3741 255 3817 Alleluya.
306 3740 333 3798 l'.
358 3741 420 3798 Iste
433 3748 567 3799 sanctus(

106 3822 311 3897 Ercnyelium.
354 3821 473 3894 Videte,
489 3823 618 3898 vigilate.

107 3902 301 3976 offertor-ium.
345 3903 447 3960 Gloria
461 3909 490 3961 et
504 3904 622 3962 honore.

105 3984 227 4042 Secreta.

105 4065 243 4135 Munera,
258 4065 394 4138 Domine,
410 4085 586 4141 quaesumus,
602 4067 698 4123 <licata
712 4066 880 4138 sanctificam
900 4074 930 4123 et
949 4066 1146 4123 intercedente
1161 4067 1247 4123 besto

16 4134 23 4143 ³
47 4146 181 4284 {irmino
201 4153 331 4223 martyre
356 4153 408 4204 tuo
429 4152 519 4222 utque
539 4148 686 4224 pontifice,
697 4166 750 4223 per
770 4147 873 4205 euclem
892 4167 945 4205 nos
965 4147 1096 4223 placatus
1116 4147 1244 4207 intende.

72 4248 111 4287 er.

103 4374 116 4397 ¹
132 4370 387 4418 sim-Infirmitatem
407 4375 512 4417 nostrum
533 4372 633 4429 respice,
649 4372 799 4430 omnipotens
820 4373 895 4428 Deus,
911 4375 935 4416 ct
953 4372 1008 4429 quia
1028 4372 1123 4430 pondus
1143 4373 1247 4432 propriae

45 4431 146 4478 meionis
166 4434 260 4490 meat,
279 4430 343 4476 beati
362 4430 464 4476 Firmini
484 4431 601 4490 nrartpris
621 4432 657 4476 tui
676 4436 748 4488 atquo
774 4432 894 4490 pontificia
915 4431 1057 4477 intercessio
1077 4431 1183 4490 gloriosa
1202 4446 1246 4477 nos

45 4496 160 4550 9¹⁰1&st
