2804 4920
478 310 575 376 Foeta
598 307 749 376 Octobris.

82 478 222 539 limma
234 478 270 536 de
282 485 382 536 carecto
398 476 517 535 Pteme.

82 561 149 619 Alia
162 558 307 618 Mentora
320 559 355 617 de
368 566 467 616 sarecto
481 557 592 616 Marco.

82 641 198 700 Exaudi
220 657 320 716 preces
340 645 465 710 nostras,
490 658 666 715 quaesumus,
692 638 830 712 Domine,
852 643 884 696 et
904 637 1104 696 intercedente
1127 637 1213 695 beato

82 743 120 781 co
142 721 306 781 consessore
329 725 382 777 tuo
403 725 494 795 atquc
515 719 663 796 pontifice,
686 719 914 797 supplicationes
940 725 1056 777 nostrus
1082 719 1214 796 placatus

82 803 147 862 nde.
189 801 257 860 Per.

82 884 150 942 elia
163 881 310 941 Momm
322 880 357 938 dc
370 880 479 939 sanctia
492 878 631 938 Marcello
645 889 671 939 et
684 879 816 957 Apuleio.

82 966 256 1024 Sanctorum
282 968 404 1019 tuorum
428 981 490 1031 nos,
512 961 650 1032 Domine,
676 980 851 1038 quaesumus,
877 961 1012 1020 Marcelli
1039 968 1070 1019 et
1091 959 1217 1038 Apuleii

82 1067 102 1104 a
114 1046 226 1104 merita
237 1048 454 1121 prosequantur
466 1049 498 1100 et
510 1049 563 1100 ιιιο
576 1061 691 1118 semper
703 1042 814 1100 saciant
826 1061 925 1101 amore
938 1043 1092 1100 ferventes
1135 1041 1200 1099 Per.

82 1126 222 1203 Epistola.
266 1124 394 1182 Domine
408 1123 491 1181 Deus
504 1142 593 1181 meua.

82 1206 219 1267 madae
263 1204 390 1280 Propter
403 1204 567 1261 veritatem.

82 1289 231 1364 Alleluya
280 1284 434 1361 tapecia
449 1291 510 1342 tua

82 1369 246 1445 Seqaoeutia.
290 1365 491 1423 Exsultemus.

82 1448 285 1524 annqda'um.
328 1445 432 1504 Simile
445 1453 490 1504 est
503 1465 627 1524 regnum
640 1445 778 1520 caelorum
791 1446 935 1507 thesauro.

82 1530 278 1606 offertor-ima
322 1526 501 1600 Offerentnr,
515 1527 620 1604 majus.

84 1692 221 1763 Munera,
235 1709 413 1768 quaesumus,
432 1689 569 1761 Domine,
589 1688 689 1747 oblata
706 1689 865 1759 sanctifica,
879 1694 910 1746 et
923 1688 1123 1748 intercedente
1136 1689 1223 1747 beata

82 1773 131 1832 tha
144 1779 277 1847 martyre
290 1779 353 1844 tua,
368 1771 406 1828 ab
419 1770 502 1829 omni
514 1789 568 1827 nos
582 1769 735 1846 culparum
748 1769 814 1827 labe
826 1769 957 1847 purifica
1001 1769 1067 1828 Per.

85 1853 156 1912 Alio
169 1853 286 1912 Secreta
298 1853 334 1910 de
346 1861 445 1911 sancto
460 1851 572 1909 Thema
585 1859 620 1908 ιιι
633 1851 667 1908 ιιι
680 1851 734 1909 dic.

86 1936 157 1993 Alia
169 1934 286 1993 Secreta
298 1935 334 1992 de
347 1941 446 1991 coarcto
459 1932 569 1991 Marco.

88 2016 134 2074 Sit
157 2015 224 2086 tibi,
250 2014 387 2084 Domine,
412 2021 520 2071 nostrae
543 2012 708 2071 devotionis
730 2011 842 2070 oblatio
864 2011 1059 2089 acceptabilis,
1080 2018 1117 2070 ιιι
1139 2013 1226 2071 beato

82 2096 190 2156 sessore
203 2102 257 2153 tuo
272 2094 375 2153 Marco
387 2093 588 2152 intercedente
590 2099 773 2170 ,utrumqne
786 2098 817 2152 et
830 2099 890 2151 tuae
905 2093 1021 2218 placeat
1033 2093 1182 2170 majestati
1195 2100 1227 2152 et

82 2185 134 2235 trae
148 2177 284 2255 proficiat
296 2175 394 2235 saluti.
437 2174 502 2233 Per.

89 2258 162 2316 Alia
173 2255 289 2316 Secreto
302 2257 338 2314 dc
350 2255 542 2332 Martyribaa.

91 2339 185 2398 Grata
199 2337 258 2395 tibi
278 2338 349 2410 sint,
365 2336 502 2406 Domine,
517 2355 642 2394 munera
661 2341 715 2394 tuo
735 2336 903 2412 conspectui
923 2335 1030 2408 oblata,
1045 2357 1112 2414 quse
1125 2342 1157 2395 et
1169 2337 1230 2394 tuis

82 2428 102 2478 ιι
122 2418 278 2498 praeceptia
304 2381 452 2488 initituta,
477 2422 508 2475 et
531 2418 684 2475 beatorum
707 2423 873 2493 martyrum
896 2423 1018 2476 tuorum
1042 2417 1177 2477 Marcelli
1200 2423 1231 2475 et

82 2501 153 2559 uleii
166 2500 322 2558 illustrant
334 2517 462 2556 coronae.
505 2496 571 2556 Per.

93 2580 276 2642 Conamuuio.
319 2579 555 2638 confundentur.

94 2660 336 2720 Poetcommuoio.

94 2743 230 2802 Ecclesiae
237 2748 306 2812 tuae,
313 2759 489 2818 qnaesumus,
500 2739 636 2812 Domine,
646 2739 724 2798 dona
731 2740 828 2818 gratia
835 2740 958 2798 caelestis
965 2741 1132 2818 amplificet,
1142 2760 1232 2816 quam

82 2831 126 2882 ite
143 2823 258 2883 Oeithae
271 2821 397 2898 virginis
417 2827 448 2879 et
468 2821 606 2896 martyris
626 2827 685 2878 tuae
706 2821 855 2880 miraculis
876 2821 1027 2894 decorasti,
1049 2827 1079 2880 et
1098 2821 1233 2899 gloriosis

82 2905 130 2963 isti
142 2921 296 2963 coruscare
309 2902 424 2960 meritis
436 2909 468 2959 et
482 2901 632 2979 exemplis.
675 2900 742 2963 Per.

96 2985 166 3044 Alia
179 2983 415 3043 Poetcommmeio
428 2982 463 3040 de
476 2992 574 3041 sancto
590 2982 708 3042 Tamna

98 3066 168 3124 Alio
181 3063 416 3124 Poatoommum'o
429 3064 464 3122 dc
477 3072 576 3122 caneto
589 3063 700 3122 Marco

101 3147 295 3224 Omnipotens
316 3145 493 3222 sempiterne
517 3144 607 3216 Deus,
631 3145 684 3220 qui
706 3164 761 3202 nos
783 3150 1032 3204 sacramentorum
1058 3150 1177 3204 tuorum
1204 3151 1237 3203 et

82 3228 195 3306 rtieipes
214 3226 304 3286 efficia
324 3231 355 3285 et
374 3224 534 3298 ministros,
552 3231 668 3301 praesta,
683 3244 858 3302 quaesumus,
874 3233 910 3282 ut
930 3227 1130 3285 intercedente
1151 3225 1238 3284 beato

82 3326 144 3367 arco
163 3308 326 3367 confessore
345 3313 399 3364 tuo
419 3312 508 3383 atque
527 3305 674 3382 pontifice,
690 3312 720 3363 et
734 3306 802 3364 fidei
818 3306 1004 3383 proficiamus
1024 3315 1192 3385 augmento,
1207 3313 1238 3366 et

82 3404 157 3447 'erne
169 3387 385 3448 beatitudinis
371 3407 535 3464 jungamur
547 3387 700 3444 consortio.
744 3386 809 3445 Per.

110 3470 174 3528 Alio
185 3469 421 3529 Potamonem
434 3469 469 3527 de
482 3467 676 3544 Mortpaibaa

112 3546 205 3622 Tnere,
229 3549 366 3621 Domine,
391 3569 567 3643 quaesumus,
593 3547 733 3625 populum
758 3555 863 3622 tnum3
892 3555 923 3607 et
945 3551 1080 3627 mysterii
1103 3551 1239 3629 particip-

82 3627 147 3688 h'one
157 3637 338 3702 renovatum,
357 3635 388 3689 et
406 3630 546 3688 continue
564 3639 733 3687 sanctorum
747 3637 913 3707 martyrum
926 3639 1046 3689 tuorum
1060 3632 1196 3690 Marcelli
1209 3639 1240 3691 et

82 3709 171 3783 lpuleii
182 3675 392 3790 supplicatione
405 3711 555 3768 confisum.
599 3709 664 3768 Per.

122 3787 270 3851 &Festum
280 3801 389 3850 concta
403 3791 510 3850 Oaatlue
522 3790 566 3850 vel
578 3790 698 3850 Factum
717 3792 813 3850 sancti
832 3792 973 3869 Dimcyeii
985 3802 1012 3852 et
1024 3794 1166 3853 sociorum
1179 3793 1241 3870 ejus

82 3863 248 4021 law
263 3873 415 3949 contiqerit
435 3872 535 3931 Micam
554 3873 590 3930 de
610 3881 709 3930 sancto
723 3872 834 3932 Τιοιιιιι
847 3882 874 3932 ιι
887 3875 922 3933 de
943 3875 1099 3934 Dominio
1111 3877 1219 3950 ,ιιιιιιιΙ
1207 3897 1241 3934 ιιι

541 4056 643 4116 Saxas
665 4059 746 4116 ιιιιι·

139 4155 249 4233 Epistola
290 4163 444 4224 Doctrinis
456 4162 555 4222 variis

142 4234 247 4304 tradate
286 4245 395 4305 Inveni
409 4244 517 4304 David

145 4315 259 4402 Qum.
305 4326 336 4388 V.
357 4326 404 4385 Tu
417 4326 508 4403 stirps
521 4325 668 4403 praeclara,
684 4335 719 4384 ιιι
732 4347 831 4403 cupra.

398 4510 402 4518 ,
431 4463 523 4511 *nus
532 4463 806 4524 myisomitteninthe
817 4463 870 4511 us.
