2806 4920
361 317 545 384 Dominicu
559 319 601 385 in
615 320 780 386 Passiouc
794 320 947 388 Domini.
1210 323 1253 394 73

107 484 160 542 sc
173 485 308 544 uncos
320 485 376 560 (u
395 486 509 564 11-15).

109 583 240 656 Fratres,
264 582 400 642 Christus
426 584 565 644 assistens
587 586 724 663 pontifex
745 586 915 645 futurorum
936 587 1083 645 bonorum
1103 607 1194 663 usquc
1214 588 1255 645 ud

44 665 304 741 repromissionem
317 664 473 742 accipiant,
487 667 540 743 qui
552 668 651 724 vocati
668 672 748 741 sunt,
761 677 880 726 aetcrnae
894 668 1076 741 hereditatis,
1090 668 1122 725 in
1136 668 1255 727 Christo

45 745 69 803 J
71 764 125 802 esu
139 745 269 803 Domino
282 752 392 804 nostru

112 841 248 901 Gradole

112 923 204 1001 Eripe
226 943 282 997 me,
305 924 443 998 Domine,
466 924 503 983 de
524 925 651 984 inimicis
672 926 764 985 mcis:
792 927 862 985 doce
884 946 932 985 me
953 928 1048 986 fecere
1069 927 1257 986 voluntatem

48 1012 144 1062 tuem.

56 1086 87 1142 V.
115 1085 273 1144 Liberstor
286 1105 377 1159 meus,
392 1086 530 1159 Domine,
546 1087 582 1145 de
600 1088 738 1165 gentibus
756 1088 915 1162 iracundis,
930 1089 969 1147 ab
983 1088 1205 1168 insurgentibus
1223 1089 1256 1146 in

50 1186 100 1224 me
114 1166 259 1225 exaltabis
272 1187 318 1226 mc
331 1188 338 1225 :
358 1187 377 1225 s
390 1168 455 1225 viro
468 1168 571 1244 iniquo
584 1169 691 1246 eripies
704 1189 759 1227 me.

116 1265 247 1323 Tractus.

114 1345 199 1422 Saepc
212 1352 458 1423 expugnaverunt
471 1366 518 1404 me
531 1366 549 1404 s
564 1347 725 1423 juventute
738 1367 811 1406 meo„

58 1426 87 1484 V.
115 1425 207 1484 Dicet
220 1446 299 1484 nunc
313 1426 424 1484 Israel:
446 1427 528 1504 Soepe
542 1435 788 1505 expugnaverunt
802 1448 848 1486 me
862 1448 880 1486 a
896 1430 1057 1504 juventute
1070 1449 1142 1487 mec.

58 1508 88 1565 Υ.
115 1507 239 1571 Etenim
261 1526 322 1565 non
343 1514 505 1585 potuerunt
528 1508 625 1567 mihi:
659 1529 748 1587 supra
774 1509 894 1568 dorsum
918 1530 1018 1568 meum
1038 1509 1257 1568 fabricaverunt

51 1595 372 1747 ἳξοῗζῖἓςανοωηὺ
384 1668 576 1746 iniquitatem
591 1670 666 1730 sibi:
695 1671 843 1730 Dominus
859 1672 959 1749 justus
977 1672 1111 1730 concidet
1130 1670 1259 1730 cervices

52 1757 250 1827 peccatorum.

114 1848 284 1907 Secundm
297 1848 462 1909 Jobannem
477 1850 556 1927 (ciii.
573 1850 692 1926 46-59).

115 1947 156 2005 In
183 1946 235 2005 illo
262 1954 402 2024 tempore,
425 1948 552 2006 Dicebat
577 1949 667 2007 Jesus
693 1951 790 2008 turbis
817 1950 839 2009 J
842 1950 991 2008 udaeorum
1018 1957 1050 2008 et
1076 1950 1260 2028 principibus

53 2028 241 2087 secerdotum
253 2048 262 2102 ;
291 2028 366 2098 Quis
382 2049 422 2088 cx
439 2030 639 2107 robissrguet
660 2050 707 2088 me
729 2032 765 2088 de
786 2034 924 2108 peccetoi
951 2052 1041 2106 usquc
1063 2034 1104 2090 ad
1125 2031 1262 2090 tulerunt

54 2131 125 2249 pirgo
139 2108 259 2248 lepildes,
273 2118 309 2169 nt
324 2111 459 2187 jecerent
473 2111 504 2167 in
525 2131 611 2170 eum:
641 2111 731 2169 Jesus
752 2120 852 2171 sutem
874 2113 1029 2170 abscondit
1051 2132 1091 2186 se,
1113 2119 1144 2170 et
1166 2112 1262 2170 exivit

75 2211 91 2249 e
111 2200 233 2267 tempo.

42 2337 44 2340 >
117 2288 368 2443 gimbiiiiibi,
384 2370 521 2445 Domine,
535 2370 568 2428 in
583 2377 647 2429 toto
668 2373 754 2432 corde
776 2392 862 2433 meo:
883 2373 1015 2432 retribue
1038 2393 1123 2431 servo
1144 2379 1206 2440 tuo,
1226 2379 1263 2429 ut

56 2452 168 2524 rivam,
199 2459 230 2509 et
253 2452 417 2510 custodiam
447 2472 596 2511 sermones
616 2459 703 2511 tuos:
734 2454 853 2514 vivifice
879 2474 926 2512 me
954 2454 1114 2513 secundum
1137 2453 1262 2512 verbum

56 2540 154 2605 tunm,
177 2531 312 2592 Domine.

118 2631 247 2770 *imi
267 2712 399 2770 fidelium
420 2718 550 2785 tuorum,
572 2713 759 2790 omnipotens
780 2714 871 2785 Deus,
892 2712 1038 2790 propitius
1060 2713 1200 2785 intuere3
1232 2720 1263 2771 ct

57 2793 186 2853 concede
207 2813 246 2850 nc
267 2800 371 2851 catena
391 2795 490 2851 soeculi
512 2795 644 2870 captivos
666 2800 775 2867 teneat,
798 2813 872 2870 quos
899 2794 1033 2871 passione
1062 2794 1133 2851 Filii
1156 2793 1203 2850 tui
1229 2795 1262 2851 in

59 2875 201 2933 omnibns
213 2873 321 2932 liberos
334 2894 396 2933 esse
409 2874 538 2933 voluisti.
583 2875 642 2944 Qui
656 2881 761 2933 tecum

122 3038 304 3100 Gornmusio.

59 3136 1264 3304 Q

124 3335 194 3394 Hoc
227 3354 277 3392 cor
303 3368 316 3380 -
342 3354 399 3412 pus
422 3336 502 3413 quod
527 3356 581 3414 pro
614 3337 730 3395 vo-bis
760 3344 809 3394 trs
833 3371 846 3381 ·
872 3337 1004 3396 de-tur.
1046 3337 1108 3395 Hic
1128 3337 1232 3396 cs-lix

61 3543 1265 3693 Q

103 3707 234 3765 no-vi
267 3708 520 3767 tes-te-men-ti
573 3715 617 3767 est
724 3711 757 3767 in
804 3729 851 3768 me
905 3744 915 3754 -
969 3730 987 3767 o
1041 3711 1237 3788 sen-gui-ne

62 3902 1265 4070 Μ

142 4080 174 4138 di
200 4112 216 4127 ·
244 4081 286 4140 cit
326 4081 547 4141 Do-mi-nus.
597 4082 668 4141 Hoc
701 4083 732 4141 ss
759 4119 770 4129 -
801 4083 888 4142 ci-te
915 4083 1236 4161 quo-tics-cun-qne

484 4379 957 4413 lu-fi-n--fl
982 4377 1075 4410 ...Ι
1100 4393 1123 4409 ιι
1147 4376 1182 4409 Ι
1206 4376 1262 4409 -l

107 4472 145 4512 su
176 4487 189 4499 -
221 4452 337 4514 mi·tis
383 4454 417 4512 in
467 4473 516 4513 me
548 4486 560 4500 ·
597 4485 610 4500 -
643 4474 692 4512 sm
722 4453 1227 4513 com-me-mor·s·ti-o-ncm.
