2804 4920
190 345 252 410 182
498 344 593 412 Doon.
616 344 658 410 ii.
677 353 752 431 poet
776 344 839 412 Oet.
862 291 1090 410 Pentecosten..

377 598 534 655 Domeros
555 596 699 655 Securus
721 613 792 654 rosr
814 596 954 655 Ocmvss
976 595 1196 654 Psareoosraa

250 703 388 779 Officium

248 785 356 843 Faetus
382 792 427 842 est
450 785 597 843 Dominus
619 791 767 860 protector
787 803 878 858 meus,
899 790 931 841 et
950 781 1054 841 eduxit
1073 802 1122 840 me
1145 782 1178 839 in
1201 781 1381 840 latitudine:

186 866 302 924 salvum
316 885 362 924 me
375 865 454 939 feeit,
469 867 608 942 quoniam
622 866 719 923 voluit
732 884 786 922 me.

246 963 430 1120 Dililgldirllte,
441 1043 578 1116 Domine,
589 1043 731 1101 fortitudo
742 1062 825 1101 mes:
844 1042 990 1100 Dominus
1002 1042 1225 1100 firmamenurm
1239 1060 1338 1099 meum
1352 1049 1381 1098 et

187 1124 331 1201 refugium
345 1143 441 1181 meum
456 1130 487 1181 et
500 1124 639 1182 liberator
651 1144 742 1181 meus.

247 1220 354 1280 Oratio.

246 1303 347 1361 Sancti
370 1303 498 1360 nominis
522 1304 577 1372 tui,
597 1303 734 1374 Domine,
755 1304 892 1360 timorem
912 1302 1023 1378 puriter
1045 1308 1077 1359 et
1099 1320 1232 1359 amorem
1255 1301 1302 1359 fao
1328 1321 1380 1358 nos

185 1384 290 1441 hebere
307 1391 498 1461 perpetuum
522 1386 592 1460 quia
609 1404 761 1460 nunquam
781 1390 834 1440 tus
853 1383 1065 1459 gubernatione
1084 1382 1233 1454 destituis,
1255 1401 1330 1458 quoe
1350 1383 1379 1438 iu

183 1465 331 1522 soliditate
344 1472 403 1522 tuae
418 1465 582 1522 dilectionis
595 1465 736 1522 instituis.
779 1465 837 1522 Per
850 1464 1020 1522 Dominum.

243 1562 338 1620 Lectio
352 1562 490 1637 Epistoloe
504 1562 578 1619 beati
591 1561 738 1622 ‚lobannis
751 1561 882 1637 Apostoli
895 1561 929 1637 (l
946 1560 991 1620 iii.
1009 1561 1123 1639 13-18).

244 1642 394 1700 Uerissimi
405 1664 411 1701 :
427 1642 528 1699 Nolite
539 1643 648 1713 mirari,
663 1643 689 1711 si
699 1643 762 1700 odit
773 1663 825 1699 vos
835 1642 964 1698 mundus
973 1662 1062 1716 neque
1072 1643 1114 1699 od
1128 1641 1231 1700 Filioli
1240 1642 1309 1713 mei,
1320 1661 1377 1699 non

182 1722 339 1799 diligamus
353 1724 442 1781 verbo
456 1743 550 1800 neque
563 1724 672 1800 lingue,
687 1723 737 1783 sed
751 1742 837 1800 opere
850 1729 881 1780 et
894 1723 1027 1780 veritate.

244 1817 376 1877 Gredole.

241 1900 293 1958 Ad
308 1901 477 1970 Dominum,
493 1920 559 1958 oum
573 1900 740 1970 tribularer,
755 1899 900 1958 clamavi:
921 1905 952 1956 et
964 1899 1119 1956 exaudivit
1132 1919 1188 1957 me.

188 1981 215 2038 l'.
241 1981 377 2050 Domine,
392 1982 484 2038 libera
497 1982 624 2038 animam
639 2001 732 2038 meam
747 2001 765 2038 s
778 1981 864 2038 labiis
877 1980 1005 2056 iniquis:
1026 1987 1057 2037 et
1069 2000 1088 2037 a
1101 1980 1204 2056 lingue
1218 1979 1329 2038 dolosa„

240 2063 387 2137 Alleluya
436 2063 462 2120 V.
485 2062 567 2119 Deus
586 2062 681 2138 judex
699 2063 809 2137 justus,
830 2061 915 2119 fortis
933 2067 963 2117 et
980 2061 1116 2138 patiens:
1140 2060 1289 2136 numquid
1310 2061 1377 2119 ires

179 2143 257 2199 citur
271 2163 323 2218 per
336 2143 466 2219 singulos
479 2143 561 2201 diesi

238 2237 439 2313 Evaepelium.
472 2240 638 2297 Seouudom
653 2238 765 2297 Lucam
777 2239 850 2314 (otio.
870 2238 983 2315 16-24).

238 2319 276 2376 Iu
290 2320 341 2377 illo
355 2326 493 2395 tempore,
509 2321 598 2377 Dixit
611 2319 633 2377 J
634 2339 700 2377 esus
712 2319 865 2396 discipulis
878 2319 940 2376 suis
957 2319 1127 2395 parabolam
1147 2319 1242 2391 hano;
1271 2318 1375 2378 Homo

178 2399 298 2474 quidem
311 2400 380 2457 feeit
394 2420 494 2458 cenam
508 2420 644 2476 maguam
660 2420 750 2475 usqae
768 2401 808 2457 ad
825 2400 904 2476 quod
923 2419 1010 2458 nomo
1030 2401 1162 2457 virorum
1181 2399 1305 2459 illorum
1323 2401 1374 2477 qui

177 2481 273 2538 vocati
286 2488 365 2552 sunt,
380 2482 511 2556 gustabit
524 2501 624 2538 cenam
639 2500 741 2538 meam.

237 2561 337 2620 credo.

236 2659 260 2717 O
283 2661 427 2717 ertorium.

233 2659 370 2812 Dldmine,
384 2748 562 2812 convertere,
578 2748 608 2798 et
622 2740 701 2816 eripe
714 2741 844 2797 unimam
855 2760 948 2798 meam
962 2762 968 2796 :
992 2740 1107 2797 salvum
1125 2759 1173 2797 me
1188 2740 1236 2797 fao
1249 2747 1372 2817 proptor

175 2821 399 2879 misericordiam
414 2829 504 2879 tuam.

233 2918 354 2977 Secreta.

234 2999 427 3069 Oblationes,
443 3000 579 3068 Domine,
594 3006 646 3054 tuo
661 2999 773 3055 nomini
786 2999 909 3055 dicanda
924 2998 1067 3073 purificet,
1082 3006 1112 3055 et
1126 2999 1162 3055 de
1176 2998 1224 3055 die
1242 2999 1276 3055 in
1291 2998 1367 3056 diem

173 3080 210 3136 ad
224 3080 345 3137 eoelestis
360 3082 428 3136 vitae
439 3080 597 3137 transferat
610 3081 761 3137 sotionem.
805 3080 870 3136 Per.

235 3175 413 3233 Corumuru'o.

234 3256 365 3312 Cantubo
381 3257 517 3329 Domino,
534 3257 585 3333 qui
599 3259 676 3315 bons
688 3258 795 3314 tribuit
808 3258 902 3314 mihi:
927 3264 957 3314 et
974 3255 1097 3332 psallam
1115 3257 1230 3314 nomini
1245 3258 1367 3316 Domini

172 3336 316 3393 altissimi.

232 3434 473 3492 Poalcommonio.

232 3516 364 3590 Sumptis
377 3516 555 3587 muneribus
571 3517 705 3590 Domine,
721 3538 895 3594 quaesumus,
911 3526 946 3575 ut
959 3539 1025 3576 cum
1039 3518 1278 3594 frequentatione
1291 3537 1364 3595 mys

171 3597 238 3653 terii
253 3604 361 3654 crescet
374 3604 481 3654 nostroe
495 3599 598 3655 salutis
612 3599 739 3656 effectus.
782 3600 847 3656 Per.

637 3837 733 3893 Ferus
756 3837 890 3904 Quium.

229 3965 277 4021 ld
291 3964 436 4021 Romanos
449 3965 503 4040 (oi.
523 3965 635 4041 12-14).
651 3954 655 3962 ¹

228 4046 364 4102 Fratres:
387 4045 457 4101 Non
470 4053 572 4122 regnet
585 4054 737 4122 peecatum
752 4066 840 4122 usquo
854 4048 894 4104 od
908 4066 967 4104 nou
981 4046 1058 4102 enim
1073 4046 1206 4122 sublege
1219 4047 1297 4116 estis,
1308 4045 1352 4102 sed

167 4127 222 4183 sub
235 4126 331 4202 gratia
345 4126 410 4183 Dei.

226 4224 392 4281 Secundum
405 4223 578 4279 Motllroeum
594 4224 672 4297 (orei.
690 4224 806 4297 23-27).

226 4304 263 4361 In
285 4305 336 4360 illo
357 4310 496 4378 temporo,
511 4304 586 4361 Cum
611 4304 740 4362 venisset
762 4306 851 4363 ‹lesus
872 4304 903 4360 in
925 4307 1067 4380 templum
1088 4325 1178 4381 usque
1195 4305 1235 4361 od
1253 4303 1344 4378 inqua

165 4391 309 4460 potestate
322 4384 384 4440 lraeo
397 4383 478 4440 isoio.
