2804 4920
437 352 694 421 ominosis.
717 355 904 424 seusu.
1253 313 1274 425 s

65 525 100 576 ut
114 518 206 595 hujus
225 518 450 596 psitieipstione
470 522 606 600 mysterii
621 523 724 582 doceas
744 544 799 582 nos
819 530 938 584 terrens
958 525 1105 604 despicere
1126 532 1157 584 et
1176 545 1274 585 amare

63 600 201 659 caelestis
245 600 304 659 Per
316 600 487 660 Dominum.

540 793 640 851 Fumi
661 794 798 864 Quinum

126 918 222 976 lectio
235 918 334 976 Esaia
347 919 497 996 Proplwtoe
510 921 602 998 (cliii.
616 922 711 999 5-13).

126 999 202 1057 Haec
215 999 289 1058 dicit
303 1000 450 1059 Dominus
464 1002 547 1061 Deus
560 1024 567 1061 :
589 1003 652 1061 noli
666 1004 771 1062 timere
784 1023 874 1080 usque
887 1005 929 1062 ad
944 1004 1037 1082 possit
1050 1003 1087 1062 de
1100 1022 1192 1062 manu
1204 1021 1271 1063 mes

66 1099 174 1139 eruere.

122 1173 289 1233 :iocundum
302 1174 478 1233 Mecium
491 1175 545 1253 (ci
561 1175 675 1256 11-15).

125 1253 165 1312 In
186 1254 239 1313 illo
260 1262 401 1333 tempore,
420 1257 508 1315 Dixit
528 1258 617 1315 Jesus
639 1259 736 1316 turbis
757 1264 788 1316 et
810 1259 960 1337 discipulis
981 1259 1059 1317 suis:
1085 1259 1186 1317 Arnen
1203 1259 1268 1319 dieo
1304 1286 1307 1293 ·

63 1336 157 1406 vobis,
171 1335 203 1393 N
204 1355 244 1393 on
256 1338 387 1396 surrexit
399 1339 495 1416 major
507 1358 597 1415 uspcee
610 1341 651 1397 od
665 1339 724 1409 Qui
738 1340 829 1398 habet
842 1360 926 1399 sures
939 1340 1088 1414 audiendi,
1103 1339 1212 1399 audiet

549 1507 650 1566 anm
670 1507 780 1569 smn

123 1629 221 1687 Lectio
234 1629 333 1688 Eeoiae
346 1631 496 1707 Prophetes
509 1631 557 1709 (lt
573 1632 620 1690 1-6
621 1632 646 1709 ).

123 1709 200 1768 Haec
213 1710 286 1768 dicit
300 1711 448 1770 Dominus
461 1712 561 1771 Deus:
582 1713 697 1771 Audite
710 1732 758 1771 me
771 1731 861 1788 usquc
879 1713 921 1771 od
940 1718 971 1770 et
988 1712 1101 1789 judicis
1121 1732 1187 1772 mes
1205 1732 1266 1772 non

50 1789 209 1862 deficient,
224 1793 268 1849 sit
281 1792 429 1851 Dominus
442 1795 635 1870 omnipotens

121 1872 317 1948 aniepelium
343 1874 529 1952 Principium
549 1874 726 1954 Evangelii:
756 1875 870 1950 require
893 1874 1052 1934 Dominico
1074 1875 1179 1952 primo
1205 1875 1267 1932 Ae-

50 1962 169 2011 ocutus.

345 2070 508 2131 Domuicn
527 2087 638 2130 unnim
657 2071 828 2131 onnunus
849 2071 979 2130 Dounu.

124 2175 264 2248 Officium.

123 2255 258 2314 Gaudete
272 2257 304 2314 in
318 2257 449 2315 Domino
462 2277 595 2336 semper:
616 2259 726 2317 iterum
739 2258 813 2331 dico,
828 2257 961 2336 gaudete.
1004 2256 1153 2316 Modestis
1169 2265 1268 2317 vestre

51 2343 135 2393 notu
148 2338 190 2395 sit
202 2339 339 2395 omnibus
352 2338 521 2397 hominibus
535 2361 541 2397 :
572 2339 720 2397 Dominus
737 2359 826 2417 prope
840 2345 891 2398 est
936 2339 1023 2397 Nihil
1043 2339 1163 2399 solliciti
1182 2339 1266 2398 sitis:

55 2417 113 2474 sed
128 2418 159 2474 in
172 2420 254 2476 omni
268 2420 400 2478 oratione
413 2421 571 2498 petitiones
584 2427 690 2479 vestrae
703 2420 891 2479 innotescunt
904 2420 983 2498 opud
997 2420 1103 2479 Deum.
1224 2427 1228 2434 ’

124 2511 311 2669 glapllliilDei
324 2614 389 2670 quae
404 2602 562 2672 exsuperat
575 2614 693 2652 onmem
707 2614 844 2653 sensum:
865 2594 1012 2654 custodiat
1026 2593 1114 2653 cordo
1127 2601 1226 2654 vestra
1239 2600 1273 2656 et

53 2672 274 2751 intelligentius
286 2681 406 2733 vestras

126 2764 234 2825 Oratio.

125 2859 237 2917 Aurem
258 2865 351 2934 tuum,
366 2880 540 2938 quaesumus,
557 2860 694 2933 Domine,
717 2859 852 2937 precibus
872 2860 981 2917 nostris
1000 2860 1207 2918 accommodo:
1238 2867 1269 2919 et

60 2942 170 2998 mentis
191 2947 300 2999 nostm
323 2942 460 3001 tenebras
483 2942 580 3020 giulio
599 2949 659 3000 tuae
684 2941 864 3000 visitationis
887 2941 1012 3000 illustre
1057 2941 1118 3010 Qui
1139 2941 1218 2998 vivis
1237 2948 1268 3000 et

61 3035 166 3094 regnas
179 3041 246 3080 eum
262 3022 327 3081 Deo
341 3022 439 3083 Putre.

126 3114 218 3174 Lectio
232 3115 369 3192 Epistods
382 3116 458 3173 hecti
471 3116 564 3174 Pauli
576 3116 706 3193 Apostoli
719 3118 760 3174 ud
774 3115 941 3174 Corinthios
952 3115 990 3190 (l
1006 3115 1045 3174 io.
1063 3115 1137 3192 lo).

125 3195 258 3254 Fratres:
285 3196 333 3255 Sic
354 3216 408 3254 nos
429 3197 581 3255 existimet
599 3198 687 3256 homo
709 3204 745 3255 ut
762 3196 914 3255 ministros
930 3195 1043 3255 Christi
1064 3215 1154 3271 usqum
1176 3198 1217 3254 cul
1237 3204 1268 3254 et

66 3276 136 3334 tune
147 3278 211 3335 laus
226 3277 285 3335 erit
294 3278 454 3354 unicuique
467 3297 486 3335 s
500 3278 572 3337 Deo.
672 3279 673 3283 ’

123 3369 256 3429 Crudele.

123 3461 182 3533 Qui
194 3464 286 3536 sedes,
302 3463 438 3536 Domine,
455 3484 543 3541 super
557 3464 727 3522 Cherubin:
748 3464 846 3522 excita
865 3463 1031 3541 potentiam
1045 3468 1127 3521 tunm
1142 3469 1174 3521 et
1186 3452 1265 3524 ueni.

67 3528 95 3588 Γ·
123 3546 182 3615 Qui
195 3545 275 3622 regis
288 3544 391 3616 Israel,
405 3544 545 3602 intende:
566 3546 618 3622 qui
632 3545 751 3603 deducis
764 3545 848 3602 velut
861 3564 945 3602 ovem
959 3545 981 3602 J
982 3543 1080 3621 oseph.
1115 3544 1265 3622 Alleluys.

63 3607 91 3668 Γ·
120 3622 238 3700 Excits,
253 3626 392 3700 Domine,
407 3626 573 3702 potentium
587 3632 678 3697 tuam,
694 3632 724 3684 et
737 3625 827 3684 veni:
850 3632 886 3683 ut
900 3625 995 3682 salvos
1008 3625 1097 3683 socias
1110 3646 1172 3686 nos.

114 3740 144 3799 S
242 3742 281 3800 io.

141 3750 242 3894 Ἢ
254 3822 331 3899 regis
344 3828 459 3900 sceptra
472 3823 544 3880 forti
557 3822 680 3880 dextera
693 3821 771 3879 solus
785 3827 900 3894 cuncta,

178 3903 224 3962 Tu
239 3904 318 3981 plebi
332 3911 392 3962 tuce
406 3903 528 3962 ostendo
540 3923 677 3981 magnam
691 3903 848 3961 excitando
861 3902 1025 3980 potentiam
1036 3921 1046 3974 3

178 3984 293 4043 Praesta
306 3984 384 4043 dous
398 3985 443 4041 illi
455 3985 602 4042 salutarie

178 4065 276 4136 Quem
288 4065 490 4143 predixerunt
503 4065 673 4143 prophetica
686 4064 837 4137 vaticinia,

177 4147 209 4204 A
223 4146 303 4206 clero
316 4147 377 4224 poli
390 4147 470 4225 regis

178 4226 218 4286 In
230 4234 341 4302 nostra,
355 4229 377 4287 J
378 4248 438 4301 esu,
453 4228 530 4301 veui,
546 4227 684 4302 Domine,
696 4245 776 4285 orvs

118 4334 283 4396 ›S'ccuudum
296 4338 470 4396 Mattlcoeum
483 4337 539 4415 (cci.
557 4337 651 4415 2-10)

119 4412 159 4475 In
179 4419 231 4477 illo
247 4425 390 4497 tempore,
412 4418 488 4477 Cum
510 4419 640 4477 audisset
660 4417 814 4478 iohannes
835 4418 868 4475 in
891 4417 1018 4477 vinculis
1040 4436 1129 4495 opera
1150 4417 1262 4479 Christi

58 4490 150 4560 “⁸7²oe
161 4501 199 4558 od
212 4501 265 4578 qui
278 4499 456 4578 praepsrubit
468 4500 548 4558 viam
562 4506 646 4558 tuom
659 4505 730 4557 ants
742 4505 780 4558 te
