2804 4920
123 300 188 365 316
587 295 684 362 Festa
703 295 865 383 Amasti.

124 465 206 522 tione
219 469 409 538 sanctorum
428 464 475 535 ds,
490 483 667 543 quesumus,
678 469 715 521 ut
727 463 807 541 quod
820 462 881 523 illis
894 463 1023 523 contulit
1037 463 1075 523 sd
1088 462 1222 542 glorium,
1235 461 1307 521 nobis

125 545 219 623 prosit
231 545 269 603 sd
283 545 417 604 sulutem
460 545 520 604 Per
534 545 707 604 Dominum.

186 625 366 686 Communis
409 627 520 684 Beatus
532 645 642 685 servus

185 707 425 767 Postcommzmio.

186 787 232 847 Ut
255 789 349 860 nobis,
371 788 507 861 Domine,
529 795 583 846 tus
602 787 745 845 sacrificis
761 787 834 846 dent
854 787 987 859 salutem,
1009 787 1114 845 beatus
1138 786 1311 864 Augustinus

123 869 270 927 confessor
302 878 373 927 tuus
406 878 495 946 utque
528 867 672 946 pontifex,
706 888 881 945 quesumus,
900 875 1050 946 >precator
1082 867 1210 927 Μαι.
1264 865 1311 924 Per

125 948 295 1010 Dominum.

184 1030 256 1087 Atia
270 1030 512 1092 Postcommuoio.

184 1110 312 1188 Repleti,
327 1112 465 1183 Domine,
480 1112 684 1170 benedictione
698 1111 815 1184 coelesti,
831 1130 1009 1189 quoesumus,
1024 1110 1214 1169 clementiam
1230 1114 1311 1178 tuen,

122 1198 158 1249 ut
175 1192 376 1251 intercedente
398 1194 486 1251 besto
510 1194 655 1251 Hennete
679 1200 809 1269 martyre
833 1200 896 1266 tuo,
922 1212 988 1269 quae
1012 1193 1169 1249 humiliter
1182 1190 1311 1268 gerimus,

123 1272 281 1331 sulubriter
294 1275 464 1332 sentiemus.
508 1274 566 1332 Per
580 1274 751 1333 Dominum.

121 1467 160 1525 Is
179 1468 277 1527 Fusro
297 1469 544 1529 Deconmmosrs
563 1487 670 1528 ssscn
688 1469 711 1528 J
712 1485 846 1529 oniuurs
867 1469 1035 1527 Bserrsrn
1071 1466 1123 1545 (iv.
1139 1465 1210 1524 Kal.
1228 1464 1311 1543 Sept)

183 1591 322 1665 Officium.
365 1591 474 1650 Justus
487 1598 522 1649 ut
536 1592 640 1669 palme.

183 1671 291 1729 Oratio.

182 1752 284 1810 Sancti
314 1752 463 1811 Johannis
495 1753 639 1830 Baptistae
666 1761 697 1811 et
724 1752 862 1830 martyris
890 1751 944 1823 tui,
973 1751 1112 1822 Domine,
1142 1768 1311 1828 quaesumus,

121 1833 289 1891 veneranda
321 1834 469 1891 festivitas
500 1835 638 1892 salutaris
669 1835 776 1891 orrxilii
803 1833 889 1891 nobis
916 1841 1037 1910 praestet
1064 1832 1213 1890 effectum.
1263 1830 1311 1887 Per

121 1914 291 1972 Dominum.

180 1995 325 2053 ,tlemorio
337 1997 372 2054 de
384 2005 487 2054 sancto
499 1996 618 2055 Sabine.
664 1996 772 2055 Oratio.

179 2075 300 2147 Priosts,
315 2096 490 2153 quaesumns,
507 2079 691 2153 omnipotens
712 2077 801 2148 Deus,
816 2082 852 2134 ut
865 2077 958 2134 beotae
972 2075 1090 2135 Sabinae
1104 2075 1246 2150 martyris
1258 2081 1308 2131 tue

112 2155 269 2215 sollemnia
283 2164 475 2230 recensentes,
490 2159 604 2216 meritis
618 2158 711 2234 ipsius
724 2165 913 2234 protegemur
926 2165 957 2214 ct
970 2157 1113 2233 precibus.
1157 2155 1223 2213 Per.

178 2238 295 2313 Epistol
314 2285 320 2297 .
364 2239 459 2297 Lectio
474 2239 542 2298 libri
555 2240 713 2315 Sapientis
726 2239 831 2311 (Prov.
847 2258 874 2295 r„
891 2237 1000 2310 28-323
1020 2238 1059 2294 (εἰ.
1079 2239 1106 2308 3,
1122 2238 1151 2307 5,
1167 2236 1261 2314 8-11).

178 2319 354 2395 Expectatio
363 2321 515 2396 justorum
529 2339 619 2395 usque
632 2321 673 2378 ad
685 2318 867 2377 exultabitur
879 2318 992 2376 civitas.

180 2398 314 2458 Gradale.
357 2400 488 2459 Posuisti
501 2400 638 2474 Domine,
654 2401 688 2459 iu
701 2399 857 2460 Contemni
869 2400 961 2457 unius
973 2399 1124 2475 secrtyris.

177 2480 326 2557 Alleluyu.
376 2481 404 2538 1⁷.
428 2481 521 2539 Misso
544 2482 679 2540 Herodes
700 2481 877 2558 spiculatore
900 2481 1039 2557 precepit
1058 2480 1211 2556 amputari
1229 2488 1308 2557 ceput

115 2560 137 2618 J
139 2561 264 2619 ohannis
278 2563 310 2618 in
324 2583 445 2620 carcere.

175 2644 337 2717 sequentia.
382 2645 483 2701 Suucti
499 2644 650 2719 Baptistae,
667 2644 779 2718 reperire
794 2644 827 2699 is
841 2643 899 2699 ctio
914 2641 996 2699 Festo
1009 2642 1145 2717 pecudem.

179 2724 377 2799 Evanpelimu.
420 2727 587 2782 Secundum
605 2725 739 2781 Marcum
752 2725 809 2799 (ri.
830 2724 942 2799 1229).

174 2805 212 2863 Iu
235 2806 287 2862 illo
309 2814 449 2882 tempore,
470 2806 558 2862 Misit
580 2806 723 2878 Herodes
743 2813 774 2863 et
795 2806 893 2862 tonuit
916 2805 1086 2862 Johuunem
1107 2825 1200 2880 usque
1224 2804 1264 2863 ad
1283 2816 1306 2861 et

112 2894 275 2963 posuerunt
289 2888 365 2944 illud
380 2888 412 2943 in
426 2895 626 2944 monumento,

174 2967 367 3040 (dffertorium.
412 2968 450 3023 In
464 2968 585 3025 virtute.

173 3053 294 3106 Secreta.

173 3129 302 3187 Munera
315 3131 380 3193 tibi,
392 3128 530 3199 Domine,
542 3150 607 3205 qum
622 3149 675 3205 pro
690 3130 784 3186 suncti
799 3129 938 3204 ruurtyris
948 3129 994 3185 tui
1005 3128 1026 3184 J
1029 3128 1155 3185 ohannis
1170 3129 1309 3204 Baptists

112 3210 245 3286 passione
279 3212 439 3280 offerimus,
469 3213 521 3286 qui
561 3212 632 3266 dum
670 3211 775 3266 finitur
811 3213 841 3266 iu
875 3211 970 3279 torris,
1004 3210 1100 3266 factus
1133 3216 1179 3266 est
1207 3211 1310 3267 caelesti

111 3291 179 3346 sede
193 3301 370 3366 perpetuus;
391 3312 568 3367 quaesumus
584 3300 618 3348 ut
632 3293 656 3365 ej
662 3312 695 3347 us
716 3292 841 3347 obtentu
855 3292 940 3348 uobis
953 3291 1112 3366 proficiant
1125 3290 1162 3347 ad
1177 3291 1309 3349 sulutem.

112 3372 171 3428 Per
186 3372 356 3428 Dominum.

171 3451 242 3508 Atia
256 3456 376 3509 sumta.

173 3533 295 3589 Hostius
316 3534 380 3605 tibi,
397 3533 535 3603 Domine,
559 3537 649 3591 bestie
675 3533 791 3590 Sabinu¹
816 3533 955 3607 martyris
979 3539 1038 3588 ture
1062 3533 1175 3590 dicatus
1200 3534 1311 3591 meritis

109 3615 255 3690 benignus
274 3634 397 3686 assumo,
414 3623 444 3672 ct
464 3616 502 3671 ud
523 3623 697 3690 perpetuum
722 3615 806 3670 nobis
831 3614 929 3669 tribue
954 3614 1113 3689 provenire
1137 3614 1308 3671 subsidium.

109 3695 175 3753 Per.

170 3776 352 3833 t'ocuuum'o.
398 3778 510 3853 Magno
523 3784 569 3832 est
582 3776 683 3851 glorie.

169 3859 410 3915 I'ostcommuru'o.

168 3940 307 3996 t‘onfcrut
321 3940 415 4007 nobis,
429 3938 565 4006 Domine,
577 3938 672 3994 suncti
685 3936 707 3994 J
709 3936 833 3993 ohannis
845 3936 988 4012 Baptistae
999 3944 1162 4012 utrumque
1177 3938 1311 3995 sollemn-

107 4022 173 4081 itas.
189 4029 221 4076 ut
238 4022 392 4095 magmifics
406 4028 589 4075 monumenta
603 4039 667 4093 quac
686 4018 863 4092 sumpsimus
881 4018 1065 4074 sanctificata
1079 4037 1267 4091 veneremur,
1282 4027 1308 4076 et

107 4104 138 4158 iu
153 4103 237 4157 nubis
252 4104 350 4176 potius
364 4101 444 4157 editu
458 4101 644 4173 gaudeamus.
688 4098 746 4154 Per
761 4099 930 4155 Dominum.

167 4184 238 4238 Alia
254 4183 495 4239 I'mtcommaemio.

168 4264 275 4319 Divini
299 4264 429 4320 muneris
453 4262 590 4336 largitate
615 4261 724 4321 sitisti.
744 4281 920 4335 (praesumus,
941 4260 1069 4318 Domine
1091 4259 1176 4320 Deus
1200 4269 1305 4325 noster.

105 4352 139 4402 ut
153 4344 354 4401 intercedente
369 4346 455 4400 beatu
469 4343 579 4399 Sabinu
592 4349 721 4415 martyro
735 4352 795 4413 tua,
809 4342 839 4396 iu
855 4342 943 4416 hujus
954 4362 1070 4418 semper
1084 4344 1307 4422 participatione

105 4427 247 4482 vivamus,
292 4426 356 4483 Por.
