2804 4920
506 341 531 405 Ι
532 364 555 406 a
582 340 713 427 Vipilic
734 340 956 428 Epiphania.

520 599 560 657 Is
580 599 711 658 Vrornm
736 600 929 658 Errrnsmm

185 729 209 787 0
239 730 324 788 sirim.
368 730 437 788 Lux
451 732 586 809 fulgebit.

186 810 297 870 Oratio.

184 891 281 949 Corda
310 898 411 951 nostra
444 913 621 969 qrroesumus,
648 894 788 963 Domine,
814 898 948 951 venturu·-
982 891 1158 951 festivitatis
1191 892 1317 970 splendor

121 971 261 1045 illustret,
276 992 335 1049 quo
347 974 453 1032 mundi
466 975 554 1051 hujus
570 975 698 1033 tenebris
719 993 817 1033 carere
838 974 995 1044 valeamus,
1010 980 1040 1033 et
1060 973 1267 1051 perveniamus
1283 976 1315 1033 sd

121 1054 247 1129 patriam
262 1053 406 1113 claritatis
419 1062 543 1115 aeternae.
587 1055 646 1114 Per
660 1056 832 1114 Dominum.

182 1134 323 1210 Epistola.
365 1138 518 1213 Apparuit
531 1137 707 1215 benignitas

184 1214 317 1275 Grmlole.
360 1218 540 1277 Benedictus
553 1219 605 1296 qui
619 1218 710 1276 venit.

127 1295 156 1352 Γ.
183 1298 214 1354 Α
229 1297 366 1358 Domine.

181 1378 330 1456 Alleluys.
380 1380 408 1438 Γ.
431 1381 579 1438 Dominus
592 1380 736 1457 regnavit.

181 1458 348 1518 »temeratum
369 1462 542 1519 illotldrsum-
564 1463 616 1536 (ii.
642 1462 760 1537 10-23).

181 1539 220 1597 In
242 1540 295 1598 illo
315 1547 457 1618 tempore,
473 1543 622 1600 Defuncto
643 1543 772 1612 Herode,
793 1560 859 1599 ecce
878 1541 1000 1618 angelus
1020 1539 1169 1599 Dominus
1189 1540 1313 1618 apparuit

122 1623 263 1694 usquead
284 1622 431 1693 Quoniam
446 1624 604 1681 Nazamms
618 1624 779 1681 vocabitur.

183 1702 375 1773 Offertorirmr.
419 1704 552 1763 Lsetetur
568 1705 672 1763 crelam
691 1712 722 1761 et
744 1704 861 1762 exultet
881 1709 961 1761 terra
981 1708 1051 1761 ante
1068 1702 1175 1761 faciem
1188 1701 1306 1771 Domini,

120 1782 260 1856 quoniam
274 1786 366 1843 venit.

179 1878 300 1940 ›S'ecrcta

179 1960 296 2034 Tribus,
312 1984 488 2040 quaesumus,
508 1963 645 2036 Domino,
667 1969 703 2021 ut
724 1983 793 2021 eum
817 1963 1010 2038 praesentibus
1033 1961 1220 2021 immolemus
1238 1960 1310 2021 saeri-

117 2040 193 2099 ficsis
207 2049 237 2101 et
250 2063 409 2115 sumamus,
425 2066 513 2121 quem
527 2053 660 2102 ventoso
674 2043 870 2102 solemnitatis
888 2045 937 2120 pio
951 2063 1074 2101 munera
1087 2044 1307 2121 proloquuntur,

118 2121 282 2181 Dominum
296 2133 430 2182 nostrum
444 2127 465 2183 J
467 2146 549 2183 esum
564 2126 717 2183 Christum
732 2126 843 2182 Filium
857 2131 951 2182 tuum.
995 2125 1055 2194 Qui
1068 2132 1168 2182 tecum
1181 2125 1265 2183 vivit.

173 2204 359 2263 ‘Communia
402 2207 484 2263 Tolle
498 2226 622 2284 puerum
637 2214 667 2263 et
681 2214 805 2264 matrem
821 2206 892 2281 ejus,
908 2213 939 2263 et
952 2206 1027 2263 vade
1045 2206 1078 2263 in
1099 2212 1211 2265 tenum
1222 2206 1244 2265 J
1246 2204 1308 2275 ada,

117 2283 248 2342 defuncti
263 2287 341 2343 enim
356 2294 433 2358 sunt,
450 2290 502 2363 qui
516 2288 688 2363 (purerebant
701 2288 830 2344 animam
844 2288 936 2363 pueri.

176 2380 418 2440 I'ostcormu-mrio.

175 2459 224 2517 Da
244 2462 336 2532 nobis,
351 2483 526 2541 (praesumus,
541 2463 678 2537 Domine,
700 2464 788 2541 digne
812 2463 957 2521 celebrere
981 2464 1166 2540 mysterium,
1190 2462 1307 2542 quodin

114 2543 209 2597 nostri
222 2541 377 2599 salvatoris
391 2545 517 2601 infantia
530 2544 680 2602 miraculis
693 2544 915 2602 coruscantibus
938 2545 1113 2613 declaratur,
1136 2554 1167 2602 et
1190 2563 1308 2623 eoqua-

114 2621 191 2679 libus
225 2623 415 2683 incrementis
449 2626 604 2683 manifesta
638 2626 809 2703 designatur
843 2626 1020 2683 humanitas.
1089 2626 1148 2683 Pei·
1182 2627 1306 2685 eundem.

116 2702 174 2771 Qui
199 2710 305 2763 tecum.

174 2801 215 2859 In
243 2804 348 2880 l'ipilr'a
368 2805 545 2882 Epiphanius
564 2806 657 2864 rllissu
676 2808 751 2865 beati
772 2806 886 2864 Tdonue
909 2807 1019 2864 <licitur
1040 2806 1073 2863 iu
1096 2806 1241 2881 Capitale.
1279 2803 1308 2861 Si

112 2882 170 2939 lewe
190 2884 296 2960 upilio
310 2888 467 2946 Donu'nira
485 2890 641 2963 corruperit,
657 2898 726 2945 tuae
744 2889 840 2945 Missa
858 2888 933 2944 beriti
953 2888 1068 2944 Troum»
1085 2897 1153 2963 post
1173 2888 1305 2954 Primum,

114 2974 144 3017 nt
162 2985 254 3041 supro
267 2969 377 3025 <lictum
398 2979 445 3040 est,
461 2971 495 3025 ia
510 2969 647 3044 Capitale
664 2970 781 3026 dicium.
825 2969 895 3025 Post
909 2969 1117 3044 processionem
1131 2989 1196 3027 vero
1210 2969 1309 3027 dicitur

113 3044 208 3101 lisso
221 3049 255 3104 dc
270 3048 427 3106 Domi-nica
443 3051 474 3105 iu·
489 3050 591 3107 Chore.

175 3141 314 3215 Officium.
358 3146 441 3201 Dum
454 3146 584 3202 medium
598 3145 770 3218 silentium,
790 3156 816 3203 ct
832 3147 940 3219 (laurio,
956 3157 989 3202 ut
1003 3167 1103 3222 supro.

172 3221 334 3297 Nrddojiat
347 3227 494 3283 namot-io.

172 3302 306 3377 Epistola
319 3315 344 3362 ct
361 3306 495 3376 Grrulale,
511 3315 544 3362 ut
558 3326 657 3381 estpru.

171 3383 320 3460 Alleluya.
364 3386 511 3444 Dominus
525 3387 611 3444 dixit.

170 3464 332 3539 Sequentia.
377 3468 586 3526 Lzutabundus.

171 3545 373 3620 Ecurryelium,
388 3558 422 3604 ut
436 3570 533 3625 seipsa.

172 3625 364 3700 Qfftrroriam.
409 3630 563 3687 Lreteutm·
576 3631 647 3688 caeli.

171 3706 353 3767 Corrmmaio.
394 3710 476 3768 Tolle
494 3731 627 3788 puerum.

169 3892 218 3949 Ad
227 3914 367 3968 inaquam
377 3894 510 3965 Missam,
522 3896 651 3955 videlicet
665 3899 699 3955 de
715 3898 829 3973 lepidis,
841 3919 904 3975 quse
918 3900 1085 3957 caretudilur
1100 3911 1169 3975 post
1186 3900 1308 3959 Sestum.

170 3972 273 4032 Orat-io
286 3984 312 4032 et
326 3975 355 4030 Ε
358 3976 519 4050 sareptena
532 3978 567 4035 ‹lc
589 3979 701 4054 l'ipiliu.

169 4054 309 4130 Officium.
353 4057 421 4113 Lux
443 4058 569 4135 fulgebit
593 4060 660 4118 hoie
684 4080 771 4137 super
794 4081 856 4131 nos,
879 4062 948 4137 quia
968 4068 1121 4120 natusest
1142 4063 1229 4121 nobis
1252 4064 1308 4121 Do·

107 4136 214 4209 nrinus,
239 4143 270 4194 et
297 4137 452 4195 vocabitur
474 4139 679 4211 Admirabilis,
704 4140 793 4211 Deus,
823 4142 965 4217 Princeps
991 4144 1079 4217 pacis,
1103 4144 1194 4202 Pater
1217 4143 1310 4203 futuri

106 4217 213 4290 surculi,
229 4220 313 4294 cujus
326 4219 410 4295 regni
424 4239 485 4277 non
498 4221 556 4277 erit
569 4221 644 4278 finis.

167 4298 216 4357 Ps.
257 4300 405 4358 Dominus
425 4302 567 4376 regnavit,
583 4301 717 4359 decorem
737 4302 858 4361 indutus
872 4310 932 4362 est:
955 4304 1077 4363 indutus
1098 4311 1143 4363 est
1163 4307 1311 4366 Dominus

107 4379 321 4454 fortitudinem,
337 4389 368 4439 et
381 4383 539 4457 praecinxit
552 4402 582 4440 se
595 4382 717 4440 virtute.

168 4458 276 4521 Oratio.
321 4463 417 4521 Corda
430 4470 541 4536 nostra,
556 4473 590 4521 ut
604 4482 704 4540 supra.
