2804 4920
110 329 174 392 412
244 407 246 413 ,
497 323 675 411 suffusa
700 323 916 391 ommno.

168 529 268 589 Missa
286 540 397 589 saum·
413 529 604 603 Sru1suusn1,
626 544 716 589 aron
736 543 775 587 rr
794 542 957 601 naamis,
979 541 1100 587 coruus
1121 525 1255 586 unm

168 632 361 791 mpetum
374 713 551 790 sempiterna
564 713 653 782 Deus,
667 713 721 790 qui
743 732 796 790 par
814 719 931 771 sanctos
951 712 1101 790 apostolos
1121 718 1153 770 et
1165 716 1308 786 martyres

108 800 175 853 tuos
201 795 317 853 diversa
340 796 501 853 sanitatum
523 794 602 852 dona
626 792 730 872 lsrgiri
752 793 890 871 dignatus
913 813 965 867 es3
1000 794 1046 866 da,
1074 810 1255 871 quaesumus,
1275 797 1306 847 ut

107 876 251 934 famulum
264 881 351 933 tuum
364 874 413 949 N,
428 875 481 952 qui
494 894 512 932 a
524 875 651 932 febrium
664 875 822 933 vexatione
841 874 992 951 fatigatur,
1006 894 1059 952 per
1071 872 1305 932 intercessionem

107 956 212 1014 famuli
225 957 272 1014 tui
285 956 467 1034 Sigismundi
479 955 556 1033 regis
569 962 601 1014 at
613 956 752 1031 martyris
765 963 819 1013 tua
839 955 985 1014 medicina
1003 955 1100 1026 eripss
1120 954 1158 1012 ad
1172 953 1299 1023 salutem,

108 1044 139 1095 ct
152 1038 190 1096 ad
203 1038 361 1097 sanitatem
373 1036 530 1115 pristinum
543 1036 704 1095 clementer
715 1056 852 1095 revocare
864 1036 1001 1114 dignaris.
1044 1036 1104 1094 Par
1120 1035 1287 1094 Dominum.

168 1129 327 1270 {Smne
338 1209 405 1282 tibi,
419 1209 558 1282 Domine,
573 1229 697 1268 munera
718 1217 821 1268 sancta
843 1211 876 1268 in
898 1209 1019 1268 nomine
1042 1208 1130 1268 electi
1153 1207 1202 1266 tui
1221 1205 1296 1283 sigis

107 1291 212 1349 mundi
225 1292 301 1369 regis
314 1297 345 1349 et
364 1291 524 1367 martyris;
544 1297 580 1348 ut
602 1311 621 1348 a
641 1292 778 1367 praeseuti
796 1297 906 1369 aegroto
923 1290 1051 1349 febrium
1069 1289 1189 1348 ardores
1206 1284 1292 1364 repelli

103 1373 217 1448 jubeas,
233 1380 264 1430 et
273 1372 381 1430 exindo
394 1379 447 1430 tuo
461 1391 576 1448 sempor
588 1372 742 1430 muniatur
754 1371 875 1430 auxilio.
917 1372 984 1431 Par.

167 1470 409 1530 Poatcommum‘o.

167 1551 362 1627 Omnipotens
392 1550 567 1627 sempiterna
593 1550 683 1619 Deus,
707 1549 760 1627 qui
786 1550 896 1608 dedisti
921 1549 1066 1608 ministris
1089 1548 1151 1607 tuis
1176 1547 1284 1606 obrius·

107 1632 208 1691 omnia
224 1652 290 1708 quae
303 1633 386 1708 juste
403 1639 577 1709 precantur;
599 1632 712 1709 suscipe
734 1631 880 1708 propitius
898 1651 998 1709 preces
1015 1636 1141 1702 nostras,
1159 1646 1227 1706 quas
1243 1643 1282 1702 pro

107 1713 218 1771 &mulo
228 1720 281 1771 tuo
295 1712 334 1770 N.
347 1713 380 1770 in
390 1713 500 1771 honore
509 1713 591 1770 beati
603 1711 785 1789 Sigismundi
797 1713 875 1788 regis
888 1719 920 1770 ct
932 1712 1072 1788 martyris
1080 1711 1127 1768 tui
1136 1709 1279 1775 deserimus,

107 1801 139 1852 et
151 1794 231 1871 quod
244 1812 297 1870 pro
311 1813 345 1852 eo
362 1793 476 1853 devotis
493 1793 643 1852 mentibus
655 1794 849 1867 obsecramus,
864 1793 952 1852 calari
964 1792 1151 1868 indulgentia
1168 1785 1279 1862 consequi

107 1894 279 1934 mereamur.
321 1874 387 1933 Per.

385 2061 635 2120 comuomw
656 2059 877 2120 Hnuaurrarrs
898 2060 1035 2119 Curram.

171 2142 282 2202 Oratio.

167 2223 265 2282 Corda
276 2229 385 2290 nostra,
399 2242 574 2299 quesumus,
590 2221 728 2294 Domine,
742 2227 861 2280 sanctus
879 2220 1018 2299 splendor
1031 2219 1104 2278 Filii
1116 2219 1161 2278 tui
1173 2219 1276 2276 incarus

107 2303 206 2376 tionis,
244 2304 418 2376 nativitatis,
452 2303 603 2381 passionis,
632 2303 861 2374 resurrectionis,
892 2301 1077 2372 ascensionis,
1100 2306 1132 2359 et
1160 2299 1276 2356 adventu

108 2384 237 2462 Spiritus
255 2383 357 2442 Sancti
374 2384 512 2442 clementi
534 2390 670 2462 respectu
686 2383 836 2456 illustret3
857 2402 916 2460 quo
939 2381 1045 2440 mundi
1065 2381 1155 2458 hujus
1174 2373 1276 2437 tsuebrit

106 2483 205 2524 curare
232 2465 390 2537 valeamus,
411 2472 449 2536 at,
471 2465 536 2542 ipso
562 2464 696 2538 ducente,
717 2464 925 2542 perveniamus
945 2463 985 2522 ad
1007 2462 1137 2542 patriam
1162 2453 1275 2520 clarita&

107 2552 232 2604 aeternae.
276 2545 334 2603 Per
347 2545 480 2605 eundem
523 2546 563 2604 In
576 2546 693 2604 unitate
707 2545 846 2622 ejusdem.

167 2642 287 2701 Secreto.

168 2723 207 2781 In
233 2723 381 2781 mentibus
412 2722 530 2794 nostris,
557 2742 732 2800 quaesumuS‚
762 2722 899 2792 Domine,
927 2741 1004 2779 verae
1036 2721 1095 2778 fide
1126 2715 1274 2777 sacramenta

107 2805 261 2876 confirma;
281 2812 317 2861 ut
334 2805 385 2879 qui
403 2811 576 2879 conceptum
590 2804 626 2861 de
636 2804 752 2878 virgine
766 2804 864 2860 Deum
878 2821 981 2859 verum
996 2808 1027 2860 et
1041 2800 1188 2859 hominem
1201 2794 1274 2855 confit·

108 2906 199 2957 emur,
232 2905 285 2960 per
318 2885 449 2961 ejusdem
484 2885 642 2941 salutiferae
677 2884 895 2952 incarnationis,
936 2883 1117 2953 nativitatis,
1152 2873 1273 2958 passionis

106 2967 336 3037 resurrectionis
361 2966 545 3036 ascensionis,
571 2971 601 3021 et
624 2965 769 3021 adventus
794 2965 895 3022 Sancti
919 2963 1049 3040 Spiritus
1070 2949 1274 3040 potentinus

107 3054 248 3104 aeternam
277 3047 402 3123 patriam
440 3065 603 3104 mereamur
633 3046 793 3122 pervenire.
842 3045 901 3102 Per
931 3045 1066 3103 eundem.
1115 3044 1154 3101 In
1186 3040 1274 3098 unitate

108 3129 249 3204 ejusdem.

169 3220 410 3277 Postcommunio.
1269 3282 1274 3293 ,

169 3301 289 3372 Praesta,
305 3320 478 3376 quaesumus,
494 3299 680 3376 omnipotens
694 3298 783 3368 Deus,
798 3305 834 3354 ut
851 3297 904 3375 qui
918 3297 989 3354 Filii
1005 3297 1053 3355 tui
1068 3295 1188 3354 Domini
1206 3293 1277 3379 nostrl

108 3382 130 3439 J
131 3401 182 3438 esu
192 3380 303 3437 Christi
311 3381 710 3452 incarnationismstiritatis,
716 3379 867 3456 passionis,
877 3379 1108 3449 resurrectionis,
1120 3374 1276 3457 ascensiomt.

109 3468 140 3519 et
151 3461 296 3517 adventus
309 3461 436 3536 Spiritus
451 3461 553 3519 Sancti
567 3460 738 3518 memoriam
751 3460 851 3517 debita
867 3460 1066 3516 venerationis
1085 3458 1171 3516 laude
1186 3446 1278 3533 pomoll·

109 3562 184 3614 mus,
195 3542 252 3618 ipsi
266 3561 319 3619 per
332 3542 458 3617 ejusdem
476 3542 578 3599 Sancti
589 3542 716 3619 Spiritus
725 3542 850 3616 gratiam
863 3560 882 3597 a
894 3546 989 3597 morte
1003 3540 1109 3596 animae
1123 3539 1280 3611 resurgamlli

109 3630 139 3682 et
162 3623 195 3680 in
217 3630 270 3680 tua
291 3621 520 3681 sanctificatione
542 3642 655 3700 semper
676 3623 819 3679 vivamus.
873 3620 932 3679 Per
953 3621 1087 3679 eundem.
1131 3619 1170 3677 In
1190 3614 1279 3675 unitata

109 3704 248 3783 ejusdcm.
730 3714 732 3719 ·

251 3951 257 3963 Ι
340 3866 393 3925 Au
414 3883 615 3926 ruvocaunau
637 3866 780 3924 omnm
802 3864 1085 3923 Sr1a1rusSsscr1.

121 4035 122 4039 ’
170 3949 321 4101 geistssscui
335 4049 421 4087 omne
434 4049 484 4086 cor
497 4034 588 4105 putet,
600 4033 629 4086 et
643 4027 739 4085 omnis
748 4025 885 4084 voluntas
893 4026 1034 4103 loquitur,
1046 4031 1077 4083 at
1090 4044 1176 4101 quem
1189 4016 1279 4079 nullum

109 4113 183 4170 latet
209 4119 351 4168 secretum
363 4132 370 4182 ;
400 4111 522 4187 purifica
548 4129 600 4185 per
627 4109 803 4165 infusionem
830 4107 932 4165 Sancti
959 4107 1089 4184 Spiritus
1115 4100 1280 4182 cogitatione!

109 4193 204 4251 cordis
217 4191 319 4264 nostri,
334 4198 369 4247 ut
391 4193 518 4267 perfecte
542 4198 572 4249 te
596 4189 716 4267 diligere
740 4196 771 4247 et
794 4189 881 4265 digne
899 4188 1019 4246 laudare
1032 4205 1202 4246 mereamur.
1237 4177 1279 4236 Ptf

111 4275 279 4333 Dominum.
323 4272 361 4328 In
376 4272 498 4331 unitate.

122 4360 124 4365 ’
170 4366 290 4426 Secreta

171 4447 246 4504 Hac
256 4445 374 4517 oblatio,
384 4430 559 4535 quesumus,
568 4443 696 4502 Domine
705 4444 796 4515 Deus,
806 4441 901 4500 cordis
910 4441 1006 4501 nostri
1015 4442 1145 4500 maculas
1155 4426 1276 4505 emundat
