<?xml version="1.0" encoding="UTF-8"?>
<!DOCTYPE html PUBLIC "-//W3C//DTD XHTML 1.0 Transitional//EN"
    "http://www.w3.org/TR/xhtml1/DTD/xhtml1-transitional.dtd">
<html xmlns="http://www.w3.org/1999/xhtml" xml:lang="en" lang="en">
 <head>
  <title>
</title>
<meta http-equiv="Content-Type" content="text/html;charset=utf-8" />
  <meta name='ocr-system' content='tesseract 3.04.00' />
  <meta name='ocr-capabilities' content='ocr_page ocr_carea ocr_par ocr_line ocrx_word'/>
</head>
<body>
  <div class='ocr_page' id='page_1' title='image "./missaleadusumpe00churgoog_0332.png"; bbox 0 0 2804 4920; ppageno 0'>
   <div class='ocr_carea' id='block_1_1' title="bbox 473 319 701 416">
    <p class='ocr_par' dir='ltr' id='par_1_1' title="bbox 473 319 701 416">
     <span class='ocr_line' id='line_1_1' title="bbox 473 319 701 416; baseline 0 -2"><span class='ocrx_word' id='word_1_1' title='bbox 473 319 570 415; x_wconf 76' lang='lat' dir='ltr'><strong>Festa</strong></span> <span class='ocrx_word' id='word_1_2' title='bbox 583 349 701 416; x_wconf 74' lang='lat' dir='ltr'><strong>danii.</strong></span> 
     </span>
    </p>
   </div>
   <div class='ocr_carea' id='block_1_2' title="bbox 72 516 1192 2370">
    <p class='ocr_par' dir='ltr' id='par_1_2' title="bbox 72 516 903 595">
     <span class='ocr_line' id='line_1_2' title="bbox 72 516 903 595; baseline 0.001 -21"><span class='ocrx_word' id='word_1_3' title='bbox 72 561 79 588; x_wconf 93' lang='lat'>‚</span> <span class='ocrx_word' id='word_1_4' title='bbox 95 516 199 590; x_wconf 88' lang='lat' dir='ltr'><strong>Paule,</strong></span> <span class='ocrx_word' id='word_1_5' title='bbox 215 519 315 595; x_wconf 86' lang='lat' dir='ltr'><strong>iugero</strong></span> <span class='ocrx_word' id='word_1_6' title='bbox 328 519 474 594; x_wconf 76' lang='lat' dir='ltr'>dogmata,</span> <span class='ocrx_word' id='word_1_7' title='bbox 490 518 643 575; x_wconf 89' lang='lat' dir='ltr'><strong>illustrans</strong></span> <span class='ocrx_word' id='word_1_8' title='bbox 656 517 750 594; x_wconf 91' lang='lat' dir='ltr'><strong>plebis</strong></span> <span class='ocrx_word' id='word_1_9' title='bbox 764 525 903 594; x_wconf 81' lang='lat' dir='ltr'><strong>pectora;</strong></span> 
     </span>
    </p>

    <p class='ocr_par' dir='ltr' id='par_1_3' title="bbox 72 599 913 676">
     <span class='ocr_line' id='line_1_3' title="bbox 72 599 913 676; baseline 0.001 -21"><span class='ocrx_word' id='word_1_10' title='bbox 72 619 191 675; x_wconf 79' lang='lat' dir='ltr'><strong>reusque</strong></span> <span class='ocrx_word' id='word_1_11' title='bbox 205 600 288 657; x_wconf 86' lang='lat' dir='ltr'><strong>Deus</strong></span> <span class='ocrx_word' id='word_1_12' title='bbox 301 601 352 657; x_wconf 82' lang='lat' dir='ltr'><strong>dot</strong></span> <span class='ocrx_word' id='word_1_13' title='bbox 365 599 503 676; x_wconf 67' lang='lat' dir='ltr'><strong>perlecta,</strong></span> <span class='ocrx_word' id='word_1_14' title='bbox 518 599 598 656; x_wconf 86' lang='lat' dir='ltr'><strong>ultra</strong></span> <span class='ocrx_word' id='word_1_15' title='bbox 612 599 656 655; x_wconf 84' lang='lat' dir='ltr'><strong>fer</strong></span> <span class='ocrx_word' id='word_1_16' title='bbox 674 607 784 655; x_wconf 78' lang='lat' dir='ltr'>mentes</span> <span class='ocrx_word' id='word_1_17' title='bbox 798 599 913 656; x_wconf 87' lang='lat' dir='ltr'><strong>sidera:</strong></span> 
     </span>
    </p>

    <p class='ocr_par' dir='ltr' id='par_1_4' title="bbox 74 679 1076 757">
     <span class='ocr_line' id='line_1_4' title="bbox 74 679 1076 757; baseline 0 -20"><span class='ocrx_word' id='word_1_18' title='bbox 74 702 89 737; x_wconf 83' lang='lat' dir='ltr'><strong>s</strong></span> <span class='ocrx_word' id='word_1_19' title='bbox 103 700 163 757; x_wconf 86' lang='lat' dir='ltr'><strong>qua</strong></span> <span class='ocrx_word' id='word_1_20' title='bbox 176 681 301 738; x_wconf 89' lang='lat' dir='ltr'><strong>resultet</strong></span> <span class='ocrx_word' id='word_1_21' title='bbox 315 683 425 738; x_wconf 88' lang='lat' dir='ltr'><strong>musica</strong></span> <span class='ocrx_word' id='word_1_22' title='bbox 440 682 587 738; x_wconf 83' lang='lat' dir='ltr'><strong>virtutum</strong></span> <span class='ocrx_word' id='word_1_23' title='bbox 602 681 709 737; x_wconf 86' lang='lat' dir='ltr'><strong>fidibus</strong></span> <span class='ocrx_word' id='word_1_24' title='bbox 722 688 812 756; x_wconf 85' lang='lat' dir='ltr'><strong>atque</strong></span> <span class='ocrx_word' id='word_1_25' title='bbox 826 680 910 736; x_wconf 87' lang='lat' dir='ltr'><strong>melis</strong></span> <span class='ocrx_word' id='word_1_26' title='bbox 923 679 1076 753; x_wconf 86' lang='lat' dir='ltr'><strong>concinna,</strong></span> 
     </span>
    </p>

    <p class='ocr_par' dir='ltr' id='par_1_5' title="bbox 72 762 1034 839">
     <span class='ocr_line' id='line_1_5' title="bbox 72 762 1034 839; baseline 0 -21"><span class='ocrx_word' id='word_1_27' title='bbox 72 781 95 818; x_wconf 77' lang='lat' dir='ltr'><strong>‚a</strong></span> <span class='ocrx_word' id='word_1_28' title='bbox 108 762 284 839; x_wconf 74' lang='lat' dir='ltr'><strong>symphonia</strong></span> <span class='ocrx_word' id='word_1_29' title='bbox 296 763 445 832; x_wconf 87' lang='lat' dir='ltr'><strong>miscetur,</strong></span> <span class='ocrx_word' id='word_1_30' title='bbox 461 770 491 820; x_wconf 92' lang='lat' dir='ltr'><strong>et</strong></span> <span class='ocrx_word' id='word_1_31' title='bbox 505 762 557 818; x_wconf 90' lang='lat' dir='ltr'><strong>illa</strong></span> <span class='ocrx_word' id='word_1_32' title='bbox 570 782 635 838; x_wconf 85' lang='lat' dir='ltr'><strong>quae</strong></span> <span class='ocrx_word' id='word_1_33' title='bbox 650 781 719 819; x_wconf 88' lang='lat' dir='ltr'><strong>vere</strong></span> <span class='ocrx_word' id='word_1_34' title='bbox 733 763 916 820; x_wconf 72' lang='lat' dir='ltr'><strong>diatessaron</strong></span> <span class='ocrx_word' id='word_1_35' title='bbox 929 763 1034 838; x_wconf 87' lang='lat' dir='ltr'><strong>prima,</strong></span> 
     </span>
    </p>

    <p class='ocr_par' dir='ltr' id='par_1_6' title="bbox 72 843 1108 1002">
     <span class='ocr_line' id='line_1_6' title="bbox 72 843 1108 920; baseline -0.001 -19"><span class='ocrx_word' id='word_1_36' title='bbox 72 861 133 901; x_wconf 67' lang='lat' dir='ltr'><strong>tans</strong></span> <span class='ocrx_word' id='word_1_37' title='bbox 146 844 260 902; x_wconf 85' lang='lat' dir='ltr'><strong>virtute</strong></span> <span class='ocrx_word' id='word_1_38' title='bbox 273 851 304 901; x_wconf 86' lang='lat' dir='ltr'><strong>et</strong></span> <span class='ocrx_word' id='word_1_39' title='bbox 320 843 449 920; x_wconf 83' lang='lat' dir='ltr'><strong>justitia,</strong></span> <span class='ocrx_word' id='word_1_40' title='bbox 1107 847 1108 850; x_wconf 71' lang='grc'>’</span> 
     </span>
     <span class='ocr_line' id='line_1_7' title="bbox 72 924 432 1002; baseline 0.011 -25"><span class='ocrx_word' id='word_1_41' title='bbox 72 924 193 981; x_wconf 64' lang='lat' dir='ltr'><strong>orantia</strong></span> <span class='ocrx_word' id='word_1_42' title='bbox 206 931 238 982; x_wconf 92' lang='lat' dir='ltr'><strong>et</strong></span> <span class='ocrx_word' id='word_1_43' title='bbox 253 925 412 1002; x_wconf 88' lang='lat' dir='ltr'><strong>prudentia</strong></span> <span class='ocrx_word' id='word_1_44' title='bbox 425 945 432 995; x_wconf 81' lang='lat'>3</span> 
     </span>
    </p>

    <p class='ocr_par' dir='ltr' id='par_1_7' title="bbox 72 1001 1190 1143">
     <span class='ocr_line' id='line_1_8' title="bbox 72 1001 1190 1082; baseline 0.002 -21"><span class='ocrx_word' id='word_1_45' title='bbox 72 1024 101 1061; x_wconf 82' lang='lat' dir='ltr'><strong>rs</strong></span> <span class='ocrx_word' id='word_1_46' title='bbox 125 1025 232 1081; x_wconf 88' lang='lat' dir='ltr'><strong>supera</strong></span> <span class='ocrx_word' id='word_1_47' title='bbox 256 1006 374 1082; x_wconf 80' lang='lat' dir='ltr'>agmina</span> <span class='ocrx_word' id='word_1_48' title='bbox 398 1007 455 1062; x_wconf 87' lang='lat' dir='ltr'><strong>rite</strong></span> <span class='ocrx_word' id='word_1_49' title='bbox 479 1004 616 1062; x_wconf 87' lang='lat' dir='ltr'><strong>decorata</strong></span> <span class='ocrx_word' id='word_1_50' title='bbox 636 1003 755 1062; x_wconf 79' lang='lat' dir='ltr'><strong>Christo</strong></span> <span class='ocrx_word' id='word_1_51' title='bbox 775 1003 892 1061; x_wconf 89' lang='lat' dir='ltr'><strong>cantica</strong></span> <span class='ocrx_word' id='word_1_52' title='bbox 912 1001 1064 1082; x_wconf 69' lang='lat' dir='ltr'><strong>*psallunt</strong></span> <span class='ocrx_word' id='word_1_53' title='bbox 1087 1004 1190 1063; x_wconf 79' lang='lat' dir='ltr'><strong>enliar·</strong></span> 
     </span>
     <span class='ocr_line' id='line_1_9' title="bbox 72 1085 213 1143; baseline 0.007 -1"><span class='ocrx_word' id='word_1_54' title='bbox 72 1085 213 1143; x_wconf 67' lang='lat' dir='ltr'><strong>monica*</strong></span> 
     </span>
    </p>

    <p class='ocr_par' dir='ltr' id='par_1_8' title="bbox 72 1166 1190 1324">
     <span class='ocr_line' id='line_1_10' title="bbox 72 1166 1190 1244; baseline 0.001 -22"><span class='ocrx_word' id='word_1_55' title='bbox 72 1186 97 1223; x_wconf 70' lang='lat' dir='ltr'><strong>ro</strong></span> <span class='ocrx_word' id='word_1_56' title='bbox 111 1168 173 1224; x_wconf 86' lang='lat' dir='ltr'><strong>sint</strong></span> <span class='ocrx_word' id='word_1_57' title='bbox 185 1167 274 1225; x_wconf 88' lang='lat' dir='ltr'><strong>choro</strong></span> <span class='ocrx_word' id='word_1_58' title='bbox 288 1167 375 1239; x_wconf 87' lang='lat' dir='ltr'><strong>socia,</strong></span> <span class='ocrx_word' id='word_1_59' title='bbox 390 1167 443 1224; x_wconf 88' lang='lat' dir='ltr'><strong>illa</strong></span> <span class='ocrx_word' id='word_1_60' title='bbox 459 1166 532 1224; x_wconf 88' lang='lat' dir='ltr'><strong>dont</strong></span> <span class='ocrx_word' id='word_1_61' title='bbox 550 1166 671 1238; x_wconf 86' lang='lat' dir='ltr'><strong>lumina,</strong></span> <span class='ocrx_word' id='word_1_62' title='bbox 691 1167 775 1242; x_wconf 81' lang='lat' dir='ltr'>queis</span> <span class='ocrx_word' id='word_1_63' title='bbox 796 1166 940 1243; x_wconf 85' lang='lat' dir='ltr'><strong>praeconia</strong></span> <span class='ocrx_word' id='word_1_64' title='bbox 959 1167 1063 1224; x_wconf 88' lang='lat' dir='ltr'><strong>damus</strong></span> <span class='ocrx_word' id='word_1_65' title='bbox 1086 1167 1190 1244; x_wconf 81' lang='lat' dir='ltr'><strong>hypor-</strong></span> 
     </span>
     <span class='ocr_line' id='line_1_11' title="bbox 72 1248 168 1324; baseline 0.021 -20"><span class='ocrx_word' id='word_1_66' title='bbox 72 1248 168 1324; x_wconf 85' lang='lat' dir='ltr'><strong>lyrica.</strong></span> 
     </span>
    </p>

    <p class='ocr_par' dir='ltr' id='par_1_9' title="bbox 72 1327 730 1404">
     <span class='ocr_line' id='line_1_12' title="bbox 72 1327 730 1404; baseline 0 -18"><span class='ocrx_word' id='word_1_67' title='bbox 72 1348 119 1386; x_wconf 89' lang='lat' dir='ltr'><strong>me</strong></span> <span class='ocrx_word' id='word_1_68' title='bbox 133 1329 235 1386; x_wconf 84' lang='lat' dir='ltr'><strong>dicant</strong></span> <span class='ocrx_word' id='word_1_69' title='bbox 249 1349 328 1386; x_wconf 90' lang='lat' dir='ltr'><strong>nunc</strong></span> <span class='ocrx_word' id='word_1_70' title='bbox 342 1329 442 1385; x_wconf 89' lang='lat' dir='ltr'><strong>omnia</strong></span> <span class='ocrx_word' id='word_1_71' title='bbox 456 1328 555 1386; x_wconf 88' lang='lat' dir='ltr'><strong>Amen</strong></span> <span class='ocrx_word' id='word_1_72' title='bbox 569 1327 730 1404; x_wconf 80' lang='lat' dir='ltr'><strong>redempta</strong></span> 
     </span>
    </p>

    <p class='ocr_par' dir='ltr' id='par_1_10' title="bbox 72 1421 1192 1562">
     <span class='ocr_line' id='line_1_13' title="bbox 72 1421 1192 1499; baseline 0.002 -21"><span class='ocrx_word' id='word_1_73' title='bbox 72 1422 248 1497; x_wconf 59' lang='lat' dir='ltr'><strong>bumeliam.</strong></span> <span class='ocrx_word' id='word_1_74' title='bbox 290 1422 386 1480; x_wconf 88' lang='lat' dir='ltr'><strong>Venit</strong></span> <span class='ocrx_word' id='word_1_75' title='bbox 410 1421 498 1480; x_wconf 83' lang='lat' dir='ltr'><strong>desua</strong></span> <span class='ocrx_word' id='word_1_76' title='bbox 520 1422 552 1478; x_wconf 90' lang='lat' dir='ltr'><strong>in</strong></span> <span class='ocrx_word' id='word_1_77' title='bbox 574 1427 674 1498; x_wconf 86' lang='lat' dir='ltr'><strong>partes</strong></span> <span class='ocrx_word' id='word_1_78' title='bbox 693 1422 854 1494; x_wconf 76' lang='lat' dir='ltr'><strong>Caesaroere,</strong></span> <span class='ocrx_word' id='word_1_79' title='bbox 869 1422 982 1499; x_wconf 81' lang='lat' dir='ltr'><strong>require</strong></span> <span class='ocrx_word' id='word_1_80' title='bbox 995 1423 1030 1480; x_wconf 79' lang='lat' dir='ltr'><strong>in</strong></span> <span class='ocrx_word' id='word_1_81' title='bbox 1045 1422 1192 1483; x_wconf 74' lang='lat' dir='ltr'><strong>Catbcdro</strong></span> 
     </span>
     <span class='ocr_line' id='line_1_14' title="bbox 72 1503 186 1562; baseline 0.018 -3"><span class='ocrx_word' id='word_1_82' title='bbox 72 1503 186 1562; x_wconf 76' lang='lat' dir='ltr'><strong>il’erri.</strong></span> 
     </span>
    </p>

    <p class='ocr_par' dir='ltr' id='par_1_11' title="bbox 73 1584 151 1644">
     <span class='ocr_line' id='line_1_15' title="bbox 73 1584 151 1644; baseline 0.038 -3"><span class='ocrx_word' id='word_1_83' title='bbox 73 1584 151 1644; x_wconf 87' lang='lat' dir='ltr'><strong>redo.</strong></span> 
     </span>
    </p>

    <p class='ocr_par' dir='ltr' id='par_1_12' title="bbox 72 1664 464 1738">
     <span class='ocr_line' id='line_1_16' title="bbox 72 1664 464 1738; baseline 0 -17"><span class='ocrx_word' id='word_1_84' title='bbox 72 1664 243 1738; x_wconf 61' lang='lat' dir='ltr'><strong>pistorium.</strong></span> <span class='ocrx_word' id='word_1_85' title='bbox 288 1665 464 1722; x_wconf 77' lang='lat' dir='ltr'><strong>Constitues</strong></span> 
     </span>
    </p>

    <p class='ocr_par' dir='ltr' id='par_1_13' title="bbox 72 1755 170 1803">
     <span class='ocr_line' id='line_1_17' title="bbox 72 1755 170 1803; baseline -0.01 -2"><span class='ocrx_word' id='word_1_86' title='bbox 72 1755 170 1803; x_wconf 80' lang='lat' dir='ltr'><strong>ecreto.</strong></span> 
     </span>
    </p>

    <p class='ocr_par' dir='ltr' id='par_1_14' title="bbox 72 1825 1191 2046">
     <span class='ocr_line' id='line_1_18' title="bbox 72 1825 1191 1905; baseline 0.001 -22"><span class='ocrx_word' id='word_1_87' title='bbox 72 1826 182 1897; x_wconf 58' lang='lat' dir='ltr'><strong>[ostias</strong></span> <span class='ocrx_word' id='word_1_88' title='bbox 198 1825 335 1896; x_wconf 81' lang='lat' dir='ltr'>Domine,</span> <span class='ocrx_word' id='word_1_89' title='bbox 352 1845 424 1902; x_wconf 88' lang='lat' dir='ltr'><strong>quas</strong></span> <span class='ocrx_word' id='word_1_90' title='bbox 438 1827 553 1883; x_wconf 90' lang='lat' dir='ltr'><strong>nomini</strong></span> <span class='ocrx_word' id='word_1_91' title='bbox 566 1833 620 1883; x_wconf 89' lang='lat' dir='ltr'><strong>tuo</strong></span> <span class='ocrx_word' id='word_1_92' title='bbox 633 1827 843 1884; x_wconf 85' lang='lat' dir='ltr'><strong>consecrandas</strong></span> <span class='ocrx_word' id='word_1_93' title='bbox 857 1827 1015 1895; x_wconf 84' lang='lat' dir='ltr'><strong>offerimus,</strong></span> <span class='ocrx_word' id='word_1_94' title='bbox 1031 1825 1191 1905; x_wconf 85' lang='lat' dir='ltr'><strong>apostolica</strong></span> 
     </span>
     <span class='ocr_line' id='line_1_19' title="bbox 73 1908 1153 1984; baseline 0.003 -20"><span class='ocrx_word' id='word_1_95' title='bbox 73 1913 185 1983; x_wconf 79' lang='lat' dir='ltr'>quatur</span> <span class='ocrx_word' id='word_1_96' title='bbox 199 1909 312 1978; x_wconf 88' lang='lat' dir='ltr'><strong>oratio;</strong></span> <span class='ocrx_word' id='word_1_97' title='bbox 332 1927 386 1984; x_wconf 88' lang='lat' dir='ltr'><strong>per</strong></span> <span class='ocrx_word' id='word_1_98' title='bbox 399 1927 488 1984; x_wconf 90' lang='lat' dir='ltr'><strong>quam</strong></span> <span class='ocrx_word' id='word_1_99' title='bbox 504 1927 557 1964; x_wconf 88' lang='lat' dir='ltr'><strong>nos</strong></span> <span class='ocrx_word' id='word_1_100' title='bbox 572 1914 602 1964; x_wconf 91' lang='lat' dir='ltr'><strong>et</strong></span> <span class='ocrx_word' id='word_1_101' title='bbox 616 1908 731 1984; x_wconf 82' lang='lat' dir='ltr'><strong>expiari</strong></span> <span class='ocrx_word' id='word_1_102' title='bbox 746 1908 860 1967; x_wconf 77' lang='lat' dir='ltr'><strong>tribuas</strong></span> <span class='ocrx_word' id='word_1_103' title='bbox 874 1915 905 1967; x_wconf 89' lang='lat' dir='ltr'><strong>et</strong></span> <span class='ocrx_word' id='word_1_104' title='bbox 918 1909 1044 1967; x_wconf 83' lang='lat' dir='ltr'><strong>defendi.</strong></span> <span class='ocrx_word' id='word_1_105' title='bbox 1088 1908 1153 1967; x_wconf 91' lang='lat' dir='ltr'><strong>Per.</strong></span> 
     </span>
     <span class='ocr_line' id='line_1_20' title="bbox 72 2009 231 2046; baseline 0 0"><span class='ocrx_word' id='word_1_106' title='bbox 72 2009 231 2046; x_wconf 74' lang='lat' dir='ltr'><strong>ommunw.</strong></span> 
     </span>
    </p>

    <p class='ocr_par' dir='ltr' id='par_1_15' title="bbox 72 2069 1125 2209">
     <span class='ocr_line' id='line_1_21' title="bbox 74 2069 1125 2146; baseline 0 -19"><span class='ocrx_word' id='word_1_107' title='bbox 74 2090 94 2127; x_wconf 94' lang='lat' dir='ltr'><strong>u</strong></span> <span class='ocrx_word' id='word_1_108' title='bbox 109 2089 141 2127; x_wconf 89' lang='lat' dir='ltr'><strong>es</strong></span> <span class='ocrx_word' id='word_1_109' title='bbox 161 2069 286 2128; x_wconf 86' lang='lat' dir='ltr'><strong>Petrus:</strong></span> <span class='ocrx_word' id='word_1_110' title='bbox 308 2075 338 2127; x_wconf 89' lang='lat' dir='ltr'><strong>et</strong></span> <span class='ocrx_word' id='word_1_111' title='bbox 352 2089 440 2146; x_wconf 87' lang='lat' dir='ltr'><strong>super</strong></span> <span class='ocrx_word' id='word_1_112' title='bbox 453 2069 530 2127; x_wconf 86' lang='lat' dir='ltr'><strong>hanc</strong></span> <span class='ocrx_word' id='word_1_113' title='bbox 544 2075 659 2145; x_wconf 89' lang='lat' dir='ltr'><strong>petram</strong></span> <span class='ocrx_word' id='word_1_114' title='bbox 680 2069 829 2128; x_wconf 86' lang='lat' dir='ltr'><strong>aedificabo</strong></span> <span class='ocrx_word' id='word_1_115' title='bbox 845 2070 1007 2128; x_wconf 76' lang='lat' dir='ltr'><strong>Ecclesiam</strong></span> <span class='ocrx_word' id='word_1_116' title='bbox 1021 2089 1125 2128; x_wconf 86' lang='lat' dir='ltr'><strong>meam.</strong></span> 
     </span>
     <span class='ocr_line' id='line_1_22' title="bbox 72 2150 292 2209; baseline -0.005 -1"><span class='ocrx_word' id='word_1_117' title='bbox 72 2150 292 2209; x_wconf 76' lang='lat' dir='ltr'><strong>&#39;oatcommunio</strong></span> 
     </span>
    </p>

    <p class='ocr_par' dir='ltr' id='par_1_16' title="bbox 72 2231 1190 2370">
     <span class='ocr_line' id='line_1_23' title="bbox 72 2231 1190 2309; baseline 0 -20"><span class='ocrx_word' id='word_1_118' title='bbox 72 2252 130 2289; x_wconf 88' lang='lat' dir='ltr'><strong>uos</strong></span> <span class='ocrx_word' id='word_1_119' title='bbox 151 2232 270 2303; x_wconf 83' lang='lat' dir='ltr'><strong>oaelesti,</strong></span> <span class='ocrx_word' id='word_1_120' title='bbox 288 2231 425 2302; x_wconf 89' lang='lat' dir='ltr'><strong>Domine,</strong></span> <span class='ocrx_word' id='word_1_121' title='bbox 442 2231 584 2289; x_wconf 88' lang='lat' dir='ltr'><strong>alimento</strong></span> <span class='ocrx_word' id='word_1_122' title='bbox 599 2231 724 2304; x_wconf 74' lang='lat' dir='ltr'><strong>satiasti,</strong></span> <span class='ocrx_word' id='word_1_123' title='bbox 739 2232 910 2309; x_wconf 84' lang='lat' dir='ltr'><strong>apostolicis</strong></span> <span class='ocrx_word' id='word_1_124' title='bbox 931 2232 1190 2291; x_wconf 82' lang='lat' dir='ltr'><strong>intercessionibus</strong></span> 
     </span>
     <span class='ocr_line' id='line_1_24' title="bbox 72 2312 630 2370; baseline 0 0"><span class='ocrx_word' id='word_1_125' title='bbox 72 2315 122 2370; x_wconf 89' lang='lat' dir='ltr'><strong>uni</strong></span> <span class='ocrx_word' id='word_1_126' title='bbox 136 2333 189 2370; x_wconf 87' lang='lat' dir='ltr'><strong>nos</strong></span> <span class='ocrx_word' id='word_1_127' title='bbox 203 2312 382 2370; x_wconf 77' lang='lat' dir='ltr'><strong>adversitate</strong></span> <span class='ocrx_word' id='word_1_128' title='bbox 396 2312 519 2370; x_wconf 86' lang='lat' dir='ltr'><strong>custodi.</strong></span> <span class='ocrx_word' id='word_1_129' title='bbox 562 2312 630 2370; x_wconf 69' lang='lat' dir='ltr'><strong>Per,</strong></span> 
     </span>
    </p>
   </div>
   <div class='ocr_carea' id='block_1_3' title="bbox 123 2508 1060 2587">
    <p class='ocr_par' dir='ltr' id='par_1_17' title="bbox 123 2508 1060 2587">
     <span class='ocr_line' id='line_1_25' title="bbox 123 2508 1060 2587; baseline -0.002 -19"><span class='ocrx_word' id='word_1_130' title='bbox 123 2511 163 2568; x_wconf 81' lang='lat' dir='ltr'><strong>Is</strong></span> <span class='ocrx_word' id='word_1_131' title='bbox 184 2509 472 2569; x_wconf 74' lang='lat' dir='ltr'><strong>Ooauauoaarroua</strong></span> <span class='ocrx_word' id='word_1_132' title='bbox 492 2525 598 2568; x_wconf 74' lang='lat' dir='ltr'><strong>sareu</strong></span> <span class='ocrx_word' id='word_1_133' title='bbox 621 2508 727 2568; x_wconf 71' lang='lat' dir='ltr'><strong>Pruna</strong></span> <span class='ocrx_word' id='word_1_134' title='bbox 773 2510 866 2587; x_wconf 81' lang='lat' dir='ltr'><strong>(Prid.</strong></span> <span class='ocrx_word' id='word_1_135' title='bbox 889 2510 959 2567; x_wconf 89' lang='lat' dir='ltr'><strong>Kal.</strong></span> <span class='ocrx_word' id='word_1_136' title='bbox 981 2511 1003 2568; x_wconf 87' lang='lat' dir='ltr'><strong>J</strong></span> <span class='ocrx_word' id='word_1_137' title='bbox 1006 2509 1060 2586; x_wconf 94' lang='lat' dir='ltr'><strong>ul.)</strong></span> 
     </span>
    </p>
   </div>
   <div class='ocr_carea' id='block_1_4' title="bbox 72 2630 1194 4552">
    <p class='ocr_par' dir='ltr' id='par_1_18' title="bbox 72 2630 1194 4469">
     <span class='ocr_line' id='line_1_26' title="bbox 72 2630 193 2704; baseline 0 -17"><span class='ocrx_word' id='word_1_138' title='bbox 72 2630 193 2704; x_wconf 68' lang='lat' dir='ltr'><strong>&#39;picium</strong></span> 
     </span>
     <span class='ocr_line' id='line_1_27' title="bbox 72 2709 1191 2788; baseline 0.001 -21"><span class='ocrx_word' id='word_1_139' title='bbox 72 2712 116 2768; x_wconf 87' lang='lat' dir='ltr'><strong>cio</strong></span> <span class='ocrx_word' id='word_1_140' title='bbox 140 2710 189 2767; x_wconf 90' lang='lat' dir='ltr'><strong>cui</strong></span> <span class='ocrx_word' id='word_1_141' title='bbox 213 2709 332 2782; x_wconf 88' lang='lat' dir='ltr'><strong>credidi,</strong></span> <span class='ocrx_word' id='word_1_142' title='bbox 348 2715 379 2767; x_wconf 90' lang='lat' dir='ltr'><strong>et</strong></span> <span class='ocrx_word' id='word_1_143' title='bbox 404 2716 502 2767; x_wconf 88' lang='lat' dir='ltr'><strong>certus</strong></span> <span class='ocrx_word' id='word_1_144' title='bbox 522 2728 588 2767; x_wconf 88' lang='lat' dir='ltr'><strong>sum</strong></span> <span class='ocrx_word' id='word_1_145' title='bbox 612 2709 682 2785; x_wconf 89' lang='lat' dir='ltr'><strong>quia</strong></span> <span class='ocrx_word' id='word_1_146' title='bbox 706 2715 810 2786; x_wconf 87' lang='lat' dir='ltr'><strong>potens</strong></span> <span class='ocrx_word' id='word_1_147' title='bbox 835 2716 880 2768; x_wconf 89' lang='lat' dir='ltr'><strong>est</strong></span> <span class='ocrx_word' id='word_1_148' title='bbox 901 2709 1068 2788; x_wconf 90' lang='lat' dir='ltr'><strong>depositum</strong></span> <span class='ocrx_word' id='word_1_149' title='bbox 1092 2729 1191 2768; x_wconf 88' lang='lat' dir='ltr'><strong>meum</strong></span> 
     </span>
     <span class='ocr_line' id='line_1_28' title="bbox 72 2790 354 2848; baseline 0 0"><span class='ocrx_word' id='word_1_150' title='bbox 72 2811 109 2848; x_wconf 83' lang='lat' dir='ltr'><strong>re</strong></span> <span class='ocrx_word' id='word_1_151' title='bbox 122 2791 155 2848; x_wconf 90' lang='lat' dir='ltr'><strong>in</strong></span> <span class='ocrx_word' id='word_1_152' title='bbox 169 2791 254 2847; x_wconf 88' lang='lat' dir='ltr'><strong>illum</strong></span> <span class='ocrx_word' id='word_1_153' title='bbox 268 2790 354 2848; x_wconf 86' lang='lat' dir='ltr'><strong>diem.</strong></span> 
     </span>
     <span class='ocr_line' id='line_1_29' title="bbox 72 2870 970 2948; baseline 0 -19"><span class='ocrx_word' id='word_1_154' title='bbox 72 2871 194 2929; x_wconf 68' lang='lat' dir='ltr'><strong>&#39;adrium</strong></span> <span class='ocrx_word' id='word_1_155' title='bbox 238 2871 285 2929; x_wconf 89' lang='lat' dir='ltr'><strong>Do</strong></span> <span class='ocrx_word' id='word_1_156' title='bbox 299 2871 414 2948; x_wconf 85' lang='lat' dir='ltr'><strong>reliquo</strong></span> <span class='ocrx_word' id='word_1_157' title='bbox 428 2871 556 2948; x_wconf 87' lang='lat' dir='ltr'><strong>reposita</strong></span> <span class='ocrx_word' id='word_1_158' title='bbox 570 2877 616 2928; x_wconf 84' lang='lat' dir='ltr'><strong>est</strong></span> <span class='ocrx_word' id='word_1_159' title='bbox 630 2871 704 2928; x_wconf 88' lang='lat' dir='ltr'><strong>mihi</strong></span> <span class='ocrx_word' id='word_1_160' title='bbox 718 2891 825 2929; x_wconf 87' lang='lat' dir='ltr'><strong>corona</strong></span> <span class='ocrx_word' id='word_1_161' title='bbox 835 2870 970 2948; x_wconf 85' lang='lat' dir='ltr'><strong>justitiae.</strong></span> 
     </span>
     <span class='ocr_line' id='line_1_30' title="bbox 72 2953 161 3010; baseline 0 0"><span class='ocrx_word' id='word_1_162' title='bbox 72 2953 161 3010; x_wconf 73' lang='lat' dir='ltr'><strong>batia.</strong></span> 
     </span>
     <span class='ocr_line' id='line_1_31' title="bbox 72 3032 1193 3110; baseline 0.002 -22"><span class='ocrx_word' id='word_1_163' title='bbox 72 3040 141 3106; x_wconf 80' lang='lat' dir='ltr'><strong>teus,</strong></span> <span class='ocrx_word' id='word_1_164' title='bbox 160 3033 214 3110; x_wconf 87' lang='lat' dir='ltr'><strong>qai</strong></span> <span class='ocrx_word' id='word_1_165' title='bbox 235 3032 458 3090; x_wconf 84' lang='lat' dir='ltr'><strong>multitudinem</strong></span> <span class='ocrx_word' id='word_1_166' title='bbox 479 3032 615 3110; x_wconf 80' lang='lat' dir='ltr'><strong>gentium</strong></span> <span class='ocrx_word' id='word_1_167' title='bbox 632 3033 711 3090; x_wconf 85' lang='lat' dir='ltr'><strong>beati</strong></span> <span class='ocrx_word' id='word_1_168' title='bbox 731 3033 819 3090; x_wconf 88' lang='lat' dir='ltr'><strong>Pauli</strong></span> <span class='ocrx_word' id='word_1_169' title='bbox 840 3033 967 3110; x_wconf 87' lang='lat' dir='ltr'><strong>apostoli</strong></span> <span class='ocrx_word' id='word_1_170' title='bbox 988 3033 1034 3091; x_wconf 89' lang='lat' dir='ltr'><strong>tui</strong></span> <span class='ocrx_word' id='word_1_171' title='bbox 1056 3033 1193 3110; x_wconf 83' lang='lat' dir='ltr'><strong>praedica-</strong></span> 
     </span>
     <span class='ocr_line' id='line_1_32' title="bbox 83 3113 1192 3192; baseline 0 -20"><span class='ocrx_word' id='word_1_172' title='bbox 83 3115 220 3186; x_wconf 84' lang='lat' dir='ltr'><strong>docuisti,</strong></span> <span class='ocrx_word' id='word_1_173' title='bbox 235 3115 273 3170; x_wconf 86' lang='lat' dir='ltr'><strong>da</strong></span> <span class='ocrx_word' id='word_1_174' title='bbox 286 3113 380 3185; x_wconf 90' lang='lat' dir='ltr'><strong>nobis,</strong></span> <span class='ocrx_word' id='word_1_175' title='bbox 395 3134 572 3191; x_wconf 84' lang='lat' dir='ltr'><strong>quaesumus,</strong></span> <span class='ocrx_word' id='word_1_176' title='bbox 588 3119 623 3171; x_wconf 91' lang='lat' dir='ltr'><strong>ut</strong></span> <span class='ocrx_word' id='word_1_177' title='bbox 637 3115 721 3190; x_wconf 88' lang='lat' dir='ltr'><strong>cujus</strong></span> <span class='ocrx_word' id='word_1_178' title='bbox 734 3114 870 3172; x_wconf 87' lang='lat' dir='ltr'><strong>natalitia</strong></span> <span class='ocrx_word' id='word_1_179' title='bbox 888 3114 1020 3187; x_wconf 82' lang='lat' dir='ltr'><strong>colimne,</strong></span> <span class='ocrx_word' id='word_1_180' title='bbox 1036 3116 1100 3192; x_wconf 83' lang='lat' dir='ltr'><strong>ejus</strong></span> <span class='ocrx_word' id='word_1_181' title='bbox 1112 3115 1192 3192; x_wconf 88' lang='lat' dir='ltr'><strong>apud</strong></span> 
     </span>
     <span class='ocr_line' id='line_1_33' title="bbox 72 3195 491 3253; baseline 0 -1"><span class='ocrx_word' id='word_1_182' title='bbox 72 3195 199 3252; x_wconf 86' lang='lat' dir='ltr'><strong>trocinia</strong></span> <span class='ocrx_word' id='word_1_183' title='bbox 212 3195 382 3252; x_wconf 84' lang='lat' dir='ltr'><strong>sentiamus.</strong></span> <span class='ocrx_word' id='word_1_184' title='bbox 425 3195 491 3253; x_wconf 89' lang='lat' dir='ltr'><strong>Per.</strong></span> 
     </span>
     <span class='ocr_line' id='line_1_34' title="bbox 72 3275 970 3334; baseline -0.001 -1"><span class='ocrx_word' id='word_1_185' title='bbox 72 3276 197 3334; x_wconf 77' lang='lat' dir='ltr'><strong>leuioriu</strong></span> <span class='ocrx_word' id='word_1_186' title='bbox 211 3277 246 3333; x_wconf 82' lang='lat' dir='ltr'><strong>da</strong></span> <span class='ocrx_word' id='word_1_187' title='bbox 263 3284 361 3334; x_wconf 70' lang='lat' dir='ltr'><strong>comto</strong></span> <span class='ocrx_word' id='word_1_188' title='bbox 375 3275 469 3334; x_wconf 86' lang='lat' dir='ltr'><strong>Patro.</strong></span> <span class='ocrx_word' id='word_1_189' title='bbox 967 3319 970 3324; x_wconf 82' lang='lat'>.</span> 
     </span>
     <span class='ocr_line' id='line_1_35' title="bbox 72 3356 1193 3434; baseline 0.001 -19"><span class='ocrx_word' id='word_1_190' title='bbox 72 3364 141 3429; x_wconf 78' lang='lat' dir='ltr'><strong>leus,</strong></span> <span class='ocrx_word' id='word_1_191' title='bbox 162 3357 216 3433; x_wconf 89' lang='lat' dir='ltr'><strong>qui</strong></span> <span class='ocrx_word' id='word_1_192' title='bbox 237 3357 324 3413; x_wconf 85' lang='lat' dir='ltr'><strong>beato</strong></span> <span class='ocrx_word' id='word_1_193' title='bbox 343 3356 434 3413; x_wconf 91' lang='lat' dir='ltr'><strong>Petro</strong></span> <span class='ocrx_word' id='word_1_194' title='bbox 453 3356 585 3432; x_wconf 89' lang='lat' dir='ltr'><strong>apostolo</strong></span> <span class='ocrx_word' id='word_1_195' title='bbox 606 3364 659 3414; x_wconf 92' lang='lat' dir='ltr'><strong>tuo</strong></span> <span class='ocrx_word' id='word_1_196' title='bbox 680 3356 795 3423; x_wconf 89' lang='lat' dir='ltr'><strong>collatis</strong></span> <span class='ocrx_word' id='word_1_197' title='bbox 816 3357 947 3415; x_wconf 84' lang='lat' dir='ltr'><strong>clavibus</strong></span> <span class='ocrx_word' id='word_1_198' title='bbox 969 3358 1052 3434; x_wconf 83' lang='lat' dir='ltr'><strong>regni</strong></span> <span class='ocrx_word' id='word_1_199' title='bbox 1069 3358 1193 3416; x_wconf 84' lang='lat' dir='ltr'><strong>caelestis</strong></span> 
     </span>
     <span class='ocr_line' id='line_1_36' title="bbox 72 3437 1194 3515; baseline -0.001 -19"><span class='ocrx_word' id='word_1_200' title='bbox 72 3437 234 3515; x_wconf 77' lang='lat' dir='ltr'><strong>religandi</strong></span> <span class='ocrx_word' id='word_1_201' title='bbox 254 3444 343 3514; x_wconf 88' lang='lat' dir='ltr'><strong>atque</strong></span> <span class='ocrx_word' id='word_1_202' title='bbox 364 3437 499 3495; x_wconf 86' lang='lat' dir='ltr'><strong>solvendi</strong></span> <span class='ocrx_word' id='word_1_203' title='bbox 518 3439 703 3514; x_wconf 86' lang='lat' dir='ltr'><strong>pontificium</strong></span> <span class='ocrx_word' id='word_1_204' title='bbox 726 3438 886 3511; x_wconf 86' lang='lat' dir='ltr'><strong>tradidisti,</strong></span> <span class='ocrx_word' id='word_1_205' title='bbox 901 3441 1027 3498; x_wconf 87' lang='lat' dir='ltr'><strong>concede</strong></span> <span class='ocrx_word' id='word_1_206' title='bbox 1049 3447 1084 3497; x_wconf 93' lang='lat' dir='ltr'><strong>ut</strong></span> <span class='ocrx_word' id='word_1_207' title='bbox 1105 3440 1194 3496; x_wconf 82' lang='lat' dir='ltr'><strong>inter-</strong></span> 
     </span>
     <span class='ocr_line' id='line_1_37' title="bbox 72 3519 1194 3595; baseline 0.001 -20"><span class='ocrx_word' id='word_1_208' title='bbox 72 3521 125 3577; x_wconf 80' lang='lat' dir='ltr'><strong>›n&#39;m</strong></span> <span class='ocrx_word' id='word_1_209' title='bbox 140 3521 205 3595; x_wconf 88' lang='lat' dir='ltr'><strong>ejus</strong></span> <span class='ocrx_word' id='word_1_210' title='bbox 218 3519 331 3576; x_wconf 85' lang='lat' dir='ltr'><strong>auxilio</strong></span> <span class='ocrx_word' id='word_1_211' title='bbox 345 3539 363 3576; x_wconf 91' lang='lat' dir='ltr'><strong>a</strong></span> <span class='ocrx_word' id='word_1_212' title='bbox 383 3525 568 3595; x_wconf 86' lang='lat' dir='ltr'><strong>peccatorum</strong></span> <span class='ocrx_word' id='word_1_213' title='bbox 588 3524 757 3578; x_wconf 85' lang='lat' dir='ltr'><strong>nostrorum</strong></span> <span class='ocrx_word' id='word_1_214' title='bbox 777 3520 903 3577; x_wconf 86' lang='lat' dir='ltr'><strong>nexibus</strong></span> <span class='ocrx_word' id='word_1_215' title='bbox 924 3519 1092 3578; x_wconf 85' lang='lat' dir='ltr'><strong>liberemur.</strong></span> <span class='ocrx_word' id='word_1_216' title='bbox 1134 3520 1194 3577; x_wconf 78' lang='lat' dir='ltr'><strong>Per</strong></span> 
     </span>
     <span class='ocr_line' id='line_1_38' title="bbox 72 3621 163 3658; baseline -0.011 0"><span class='ocrx_word' id='word_1_217' title='bbox 72 3621 163 3658; x_wconf 86' lang='lat' dir='ltr'><strong>mum.</strong></span> 
     </span>
     <span class='ocr_line' id='line_1_39' title="bbox 77 3679 425 3756; baseline -0.009 -16"><span class='ocrx_word' id='word_1_218' title='bbox 77 3684 98 3740; x_wconf 85' lang='lat' dir='ltr'><strong>d</strong></span> <span class='ocrx_word' id='word_1_219' title='bbox 114 3681 240 3740; x_wconf 75' lang='lat' dir='ltr'><strong>Galatea</strong></span> <span class='ocrx_word' id='word_1_220' title='bbox 255 3680 293 3756; x_wconf 82' lang='lat' dir='ltr'><strong>(i.</strong></span> <span class='ocrx_word' id='word_1_221' title='bbox 312 3679 425 3755; x_wconf 82' lang='lat'>11-20).</span> 
     </span>
     <span class='ocr_line' id='line_1_40' title="bbox 72 3761 1191 3839; baseline 0 -18"><span class='ocrx_word' id='word_1_222' title='bbox 72 3766 191 3821; x_wconf 77' lang='lat' dir='ltr'><strong>latres:</strong></span> <span class='ocrx_word' id='word_1_223' title='bbox 213 3761 328 3819; x_wconf 86' lang='lat' dir='ltr'><strong>Notum</strong></span> <span class='ocrx_word' id='word_1_224' title='bbox 348 3762 433 3819; x_wconf 87' lang='lat' dir='ltr'><strong>vobis</strong></span> <span class='ocrx_word' id='word_1_225' title='bbox 457 3761 532 3819; x_wconf 83' lang='lat' dir='ltr'><strong>facio</strong></span> <span class='ocrx_word' id='word_1_226' title='bbox 550 3761 737 3839; x_wconf 84' lang='lat' dir='ltr'><strong>evangelium</strong></span> <span class='ocrx_word' id='word_1_227' title='bbox 757 3783 847 3839; x_wconf 80' lang='lat' dir='ltr'><strong>uoq-ue</strong></span> <span class='ocrx_word' id='word_1_228' title='bbox 867 3764 908 3821; x_wconf 71' lang='lat' dir='ltr'><strong>aa</strong></span> <span class='ocrx_word' id='word_1_229' title='bbox 929 3783 1027 3821; x_wconf 88' lang='lat' dir='ltr'><strong>coram</strong></span> <span class='ocrx_word' id='word_1_230' title='bbox 1048 3763 1113 3821; x_wconf 91' lang='lat' dir='ltr'><strong>Deo</strong></span> <span class='ocrx_word' id='word_1_231' title='bbox 1133 3783 1191 3821; x_wconf 91' lang='lat' dir='ltr'><strong>non</strong></span> 
     </span>
     <span class='ocr_line' id='line_1_41' title="bbox 72 3865 125 3902; baseline 0 -1"><span class='ocrx_word' id='word_1_232' title='bbox 72 3865 125 3902; x_wconf 85' lang='lat' dir='ltr'><strong>ror.</strong></span> 
     </span>
     <span class='ocr_line' id='line_1_42' title="bbox 72 3923 188 3982; baseline -0.009 0"><span class='ocrx_word' id='word_1_233' title='bbox 72 3923 188 3982; x_wconf 77' lang='lat' dir='ltr'><strong>&#39;radula</strong></span> 
     </span>
     <span class='ocr_line' id='line_1_43' title="bbox 72 4004 1193 4084; baseline 0 -21"><span class='ocrx_word' id='word_1_234' title='bbox 72 4008 111 4074; x_wconf 70' lang='lat' dir='ltr'><strong>:ui</strong></span> <span class='ocrx_word' id='word_1_235' title='bbox 131 4011 270 4082; x_wconf 88' lang='lat' dir='ltr'><strong>operatus</strong></span> <span class='ocrx_word' id='word_1_236' title='bbox 291 4012 338 4064; x_wconf 90' lang='lat' dir='ltr'><strong>est</strong></span> <span class='ocrx_word' id='word_1_237' title='bbox 359 4004 450 4062; x_wconf 93' lang='lat' dir='ltr'><strong>Petro</strong></span> <span class='ocrx_word' id='word_1_238' title='bbox 472 4004 505 4061; x_wconf 91' lang='lat' dir='ltr'><strong>in</strong></span> <span class='ocrx_word' id='word_1_239' title='bbox 527 4005 734 4084; x_wconf 83' lang='lat' dir='ltr'><strong>apostolatum,</strong></span> <span class='ocrx_word' id='word_1_240' title='bbox 750 4013 889 4082; x_wconf 87' lang='lat' dir='ltr'><strong>operatus</strong></span> <span class='ocrx_word' id='word_1_241' title='bbox 910 4012 955 4064; x_wconf 85' lang='lat' dir='ltr'><strong>est</strong></span> <span class='ocrx_word' id='word_1_242' title='bbox 975 4012 1006 4064; x_wconf 89' lang='lat' dir='ltr'><strong>et</strong></span> <span class='ocrx_word' id='word_1_243' title='bbox 1026 4006 1101 4064; x_wconf 90' lang='lat' dir='ltr'><strong>mihi</strong></span> <span class='ocrx_word' id='word_1_244' title='bbox 1113 4007 1193 4064; x_wconf 86' lang='lat' dir='ltr'><strong>inter</strong></span> 
     </span>
     <span class='ocr_line' id='line_1_44' title="bbox 72 4085 895 4164; baseline 0.004 -22"><span class='ocrx_word' id='word_1_245' title='bbox 72 4108 100 4158; x_wconf 72' lang='lat' dir='ltr'><strong>es,</strong></span> <span class='ocrx_word' id='word_1_246' title='bbox 116 4094 147 4143; x_wconf 89' lang='lat' dir='ltr'><strong>et</strong></span> <span class='ocrx_word' id='word_1_247' title='bbox 161 4093 363 4160; x_wconf 76' lang='lat' dir='ltr'><strong>cognoverunt</strong></span> <span class='ocrx_word' id='word_1_248' title='bbox 376 4085 503 4164; x_wconf 82' lang='lat' dir='ltr'><strong>gratiam</strong></span> <span class='ocrx_word' id='word_1_249' title='bbox 518 4085 576 4143; x_wconf 89' lang='lat' dir='ltr'><strong>Dei</strong></span> <span class='ocrx_word' id='word_1_250' title='bbox 590 4107 655 4162; x_wconf 85' lang='lat' dir='ltr'><strong>quae</strong></span> <span class='ocrx_word' id='word_1_251' title='bbox 671 4087 741 4144; x_wconf 85' lang='lat' dir='ltr'><strong>data</strong></span> <span class='ocrx_word' id='word_1_252' title='bbox 755 4095 800 4144; x_wconf 85' lang='lat' dir='ltr'><strong>est</strong></span> <span class='ocrx_word' id='word_1_253' title='bbox 813 4088 895 4146; x_wconf 92' lang='lat' dir='ltr'><strong>mihi.</strong></span> 
     </span>
     <span class='ocr_line' id='line_1_45' title="bbox 72 4167 1193 4245; baseline 0.001 -21"><span class='ocrx_word' id='word_1_254' title='bbox 72 4168 159 4225; x_wconf 86' lang='lat' dir='ltr'><strong>lratia</strong></span> <span class='ocrx_word' id='word_1_255' title='bbox 187 4167 246 4225; x_wconf 87' lang='lat' dir='ltr'><strong>Dei</strong></span> <span class='ocrx_word' id='word_1_256' title='bbox 267 4167 300 4224; x_wconf 90' lang='lat' dir='ltr'><strong>in</strong></span> <span class='ocrx_word' id='word_1_257' title='bbox 321 4187 369 4225; x_wconf 88' lang='lat' dir='ltr'><strong>me</strong></span> <span class='ocrx_word' id='word_1_258' title='bbox 392 4186 486 4224; x_wconf 86' lang='lat' dir='ltr'><strong>vacua</strong></span> <span class='ocrx_word' id='word_1_259' title='bbox 509 4186 570 4224; x_wconf 90' lang='lat' dir='ltr'><strong>non</strong></span> <span class='ocrx_word' id='word_1_260' title='bbox 594 4168 661 4241; x_wconf 83' lang='lat' dir='ltr'><strong>fuit,</strong></span> <span class='ocrx_word' id='word_1_261' title='bbox 676 4168 727 4226; x_wconf 88' lang='lat' dir='ltr'><strong>sed</strong></span> <span class='ocrx_word' id='word_1_262' title='bbox 748 4169 846 4245; x_wconf 83' lang='lat' dir='ltr'><strong>gratia</strong></span> <span class='ocrx_word' id='word_1_263' title='bbox 869 4170 932 4245; x_wconf 87' lang='lat' dir='ltr'><strong>ejus</strong></span> <span class='ocrx_word' id='word_1_264' title='bbox 956 4188 1071 4245; x_wconf 79' lang='lat' dir='ltr'><strong>semper</strong></span> <span class='ocrx_word' id='word_1_265' title='bbox 1092 4168 1125 4225; x_wconf 89' lang='lat' dir='ltr'><strong>in</strong></span> <span class='ocrx_word' id='word_1_266' title='bbox 1146 4187 1193 4225; x_wconf 86' lang='lat' dir='ltr'><strong>me</strong></span> 
     </span>
     <span class='ocr_line' id='line_1_46' title="bbox 72 4256 101 4307; baseline 0.069 -3"><span class='ocrx_word' id='word_1_267' title='bbox 72 4256 101 4307; x_wconf 75' lang='lat' dir='ltr'><strong>a.</strong></span> 
     </span>
     <span class='ocr_line' id='line_1_47' title="bbox 72 4327 1194 4409; baseline 0.002 -23"><span class='ocrx_word' id='word_1_268' title='bbox 72 4328 202 4405; x_wconf 66' lang='lat' dir='ltr'><strong>alleluya,</strong></span> <span class='ocrx_word' id='word_1_269' title='bbox 252 4327 281 4386; x_wconf 81' lang='lat' dir='ltr'><strong>V.</strong></span> <span class='ocrx_word' id='word_1_270' title='bbox 305 4327 433 4408; x_wconf 87' lang='lat' dir='ltr'><strong>Magnus</strong></span> <span class='ocrx_word' id='word_1_271' title='bbox 455 4335 574 4387; x_wconf 87' lang='lat' dir='ltr'><strong>sanctus</strong></span> <span class='ocrx_word' id='word_1_272' title='bbox 598 4329 710 4388; x_wconf 91' lang='lat' dir='ltr'><strong>Paulus</strong></span> <span class='ocrx_word' id='word_1_273' title='bbox 738 4351 792 4388; x_wconf 82' lang='lat' dir='ltr'><strong>vas</strong></span> <span class='ocrx_word' id='word_1_274' title='bbox 819 4330 987 4389; x_wconf 85' lang='lat' dir='ltr'><strong>electionis:</strong></span> <span class='ocrx_word' id='word_1_275' title='bbox 1015 4350 1083 4389; x_wconf 85' lang='lat' dir='ltr'><strong>vero</strong></span> <span class='ocrx_word' id='word_1_276' title='bbox 1107 4331 1194 4409; x_wconf 82' lang='lat' dir='ltr'><strong>digne</strong></span> 
     </span>
     <span class='ocr_line' id='line_1_48' title="bbox 72 4408 266 4469; baseline 0.005 -2"><span class='ocrx_word' id='word_1_277' title='bbox 72 4408 266 4469; x_wconf 77' lang='lat' dir='ltr'><strong>lorificandus.</strong></span> 
     </span>
    </p>

    <p class='ocr_par' dir='ltr' id='par_1_19' title="bbox 396 4503 794 4552">
     <span class='ocr_line' id='line_1_49' title="bbox 396 4503 794 4552; baseline 0.005 -3"><span class='ocrx_word' id='word_1_278' title='bbox 396 4506 408 4529; x_wconf 84' lang='lat'>¹</span> <span class='ocrx_word' id='word_1_279' title='bbox 424 4503 640 4552; x_wconf 61' lang='lat' dir='ltr'><strong>lib-concinunt</strong></span> <span class='ocrx_word' id='word_1_280' title='bbox 650 4505 794 4551; x_wconf 87' lang='lat' dir='ltr'><strong>harmonica.</strong></span> 
     </span>
    </p>
   </div>
   <div class='ocr_carea' id='block_1_5' title="bbox 0 0 1406 4920">
    <p class='ocr_par' dir='ltr' id='par_1_20' title="bbox 0 0 1406 4920">
     <span class='ocr_line' id='line_1_50' title="bbox 0 0 1406 4920; baseline 0 0"><span class='ocrx_word' id='word_1_281' title='bbox 0 0 1406 4920; x_wconf 95' lang='lat' dir='ltr'><strong> </strong></span> 
     </span>
    </p>
   </div>
  </div>
 </body>
</html>
