2804 4920
153 346 196 430 ri
459 362 635 435 senen
658 363 1066 433 erciniaonmiii.

151 533 210 591 iter
236 533 367 606 heberet,
394 533 578 612 omnipotens
605 552 702 593 sermo
733 538 813 607 tuus,
838 532 978 607 Domine,
1000 534 1038 593 de
1064 533 1142 593 celis
1168 552 1188 592 a
1213 531 1354 611 regalibus

152 614 270 674 sedibus
288 616 380 674 venit.

212 695 358 755 Psalmus.

213 776 361 835 Dominus
374 776 518 854 regnavit,
533 777 666 836 decorem
679 774 799 837 induit:
822 776 923 835 induit
937 775 1084 836 Dominus
1097 776 1313 850 fortitudinem,
1325 780 1352 835 et

151 857 310 935 praecinxit
322 877 353 917 se
367 857 489 917 virtute.

215 938 324 998 Oratio.

213 1019 409 1098 Omnipotens
422 1019 599 1096 sempiterne
612 1019 704 1092 Deus,
719 1019 813 1097 dirige
826 1024 909 1078 setus
923 1024 1038 1078 nostros
1050 1019 1084 1077 iu
1096 1018 1282 1097 beneplacito
1295 1024 1347 1091 tuo,

151 1099 233 1159 utin
246 1101 367 1159 nomine
379 1101 482 1158 dilecti
494 1100 566 1158 Filii
578 1101 626 1158 tui
643 1120 810 1159 mereamur
830 1100 916 1159 bonis
937 1100 1075 1178 operibus
1096 1100 1257 1160 abundare
1298 1099 1349 1170 Qui

152 1189 250 1240 tecum
270 1182 355 1241 vivit¹

210 1279 355 1337 Memorio
376 1279 411 1337 de
432 1278 597 1336 Naii‘viraie
619 1287 645 1337 et
666 1278 702 1337 de
723 1278 840 1338 Sanctis
861 1287 896 1336 iit
917 1298 1017 1355 supra,
1032 1287 1059 1337 et
1077 1278 1112 1338 de
1128 1287 1229 1338 sancto
1248 1277 1347 1337 clim

151 1369 275 1419 mntem.

211 1441 262 1500 Ac
284 1441 406 1500 Galolcs
426 1440 480 1517 (ic.
506 1440 583 1518 1-7).

211 1523 350 1581 Fratres:
366 1522 486 1591 Quanto
500 1527 633 1597 tempore
646 1521 730 1579 lieres
743 1521 885 1598 parvulus
898 1526 944 1579 est
956 1541 1047 1598 mque
1061 1522 1102 1579 od
1116 1521 1212 1580 filius:
1232 1526 1264 1580 et
1275 1520 1343 1579 hem

150 1622 203 1680 per
223 1603 330 1661 Deum.

213 1682 348 1742 Grodale.

210 1764 364 1841 Speciosus
376 1764 472 1822 forms
484 1783 545 1841 prce
558 1763 628 1821 siliis
640 1763 805 1834 hominurn,
820 1762 928 1821 diffuse
943 1769 989 1822 est
1009 1764 1106 1840 gratis
1126 1763 1161 1822 in
1181 1763 1267 1823 labiis
1284 1762 1337 1821 tuis

157 1847 185 1904 V.
212 1845 371 1904 Eructavit
394 1865 444 1903 cor
467 1864 567 1902 meum
591 1844 716 1902 verbum
739 1844 871 1903 bonum:
901 1844 967 1902 dico
990 1863 1043 1922 ego
1067 1863 1156 1922 opere
1182 1864 1250 1903 mes
1273 1842 1337 1922 regi:

148 1927 252 2005 lingue
273 1946 338 1985 mes
359 1926 488 1984 celemus
510 1926 612 1983 scribae
631 1925 773 1982 velociter
791 1924 954 1984 scribentis,

208 2007 359 2084 Alleluye.
408 2007 437 2065 V.
464 2006 612 2063 Dominus
625 2004 770 2082 regnavit,
785 2005 919 2064 decorem
939 2005 1060 2067 induit:
1087 2006 1188 2065 induit
1211 2005 1336 2065 Dominus

148 2089 364 2160 fortitudinem,
381 2095 412 2146 et
425 2086 582 2162 princinxit
595 2105 626 2143 se
639 2088 760 2145 virtute.

208 2169 374 2245 Sequentia.
410 2167 534 2225 Ceeleste
547 2185 698 2245 organum,
711 2175 745 2224 iit
758 2186 851 2244 supra
863 2167 898 2224 iii
911 2168 958 2226 cie
971 2167 1155 2241 Nat-ivitates,
1167 2169 1202 2227 e'ri
1215 2164 1336 2227 Misictri

150 2271 241 2310 nectite.

209 2330 378 2388 Secundum
398 2327 513 2386 Lucem
533 2327 582 2405 (ἱί.
599 2326 715 2404 33-40).

208 2410 248 2467 In
261 2409 313 2467 illo
326 2414 469 2484 tempore,
485 2408 580 2465 Erunt
597 2407 620 2465 J
621 2408 710 2485 oseph
724 2415 755 2466 et
769 2407 867 2467 Maris
888 2416 985 2468 mater
1005 2410 1028 2469 J
1029 2430 1081 2469 esu
1102 2411 1245 2470 mirantes
1263 2423 1339 2483 sirpus

148 2490 190 2549 ccl
207 2497 239 2548 et
259 2489 355 2567 gretie
374 2488 434 2547 Dei
454 2495 519 2546 eret
538 2489 570 2546 in
589 2488 650 2547 illo.
962 2522 970 2537 ·

210 2570 314 2628 Credo.

211 2652 403 2726 Offertori'imi.

206 2733 288 2791 Deus
310 2734 391 2791 enim
412 2729 544 2788 firmavit
567 2731 668 2790 orbem
690 2736 777 2789 terrie
801 2732 854 2809 qui
877 2751 939 2790 non
963 2734 1219 2795 commovebitur:
1250 2731 1351 2812 picti⁸

146 2814 302 2885 scelestus,
317 2814 408 2885 Deus,
423 2833 462 2871 ex
476 2820 548 2871 tunc
562 2834 568 2871 :
590 2833 609 2870 e
621 2813 727 2870 saeculo
742 2818 775 2869 tu
789 2833 827 2871 cs.

206 2896 327 2956 Secreto.
384 2893 526 2965 Concede,
551 2913 728 2970 quesumus,
757 2893 895 2965 Domine,
923 2899 960 2950 ut
987 2895 1078 2953 oculis
1105 2902 1166 2953 tuae
1194 2885 1358 2973 mejesttfifl

146 2995 254 3033 inimus
268 2976 410 3046 oblatum,
426 2980 457 3031 et
470 2973 596 3050 gratiam
614 2974 701 3031 nobis
721 2973 886 3031 devotionis
906 2974 1050 3049 obtineat,
1065 2983 1096 3033 et
1110 2978 1248 3036 effectum
1260 2976 1359 3035 beaw

147 3056 342 3132 perennitatis
355 3054 498 3130 acquiret
541 3052 600 3111 Per
616 3053 787 3110 Dominum.

208 3151 391 3211 Coiicriiuiii'o.

208 3232 291 3289 Tolle
314 3250 439 3307 puerum
463 3235 494 3286 et
518 3233 644 3285 mstreni
667 3229 740 3304 ejus,
761 3235 792 3286 et
813 3229 887 3288 vnde
905 3233 936 3289 iii
955 3239 1065 3291 terrem
1086 3236 1176 3295 Judae
1187 3257 1196 3311 3
1223 3212 1369 3296 defuncti

147 3318 218 3371 sinit
231 3312 311 3369 enini
325 3312 377 3388 qui
392 3309 563 3387 quaerebant
577 3309 707 3365 animem
720 3310 812 3384 pueri.

208 3391 449 3450 I'ostcoiiniiiiiiio.
493 3389 552 3447 Per
572 3388 661 3463 hujus
683 3389 818 3460 Domine,
841 3393 1040 3466 opciutionem
1068 3400 1204 3473 mysterii
1227 3404 1258 3457 et
1277 3390 1377 3453 vicit

146 3479 248 3532 nostin
262 3478 435 3549 purgentur,
450 3468 481 3527 et
496 3470 580 3545 justa
593 3469 738 3528 desideria
750 3471 960 3548 compleantur.
1003 3475 1063 3533 Per
1076 3478 1248 3539 Dominum.

478 3673 518 3732 Ii
538 3673 601 3731 Diu
621 3674 874 3735 circuncisionis
896 3678 1023 3740 Doiiiii.

207 3825 347 3901 Officium.
391 3820 473 3879 Puer
486 3826 575 3878 iistiis
589 3826 641 3878 cst.

208 3905 314 3983 Kyrie,
331 3904 422 3961 Peter
435 3907 557 3960 erector.

209 4003 318 4061 (lriillo.

206 4084 298 4155 Deus,
314 4081 367 4159 qiii
380 4079 465 4137 iioliis
479 4077 544 4136 niiti
558 4076 719 4135 Salvator-is
732 4077 810 4135 diem
824 4080 969 4139 celebrere
982 4084 1115 4142 concedis
1128 4094 1288 4164 octaviim3
1314 4116 1325 4139 »τ

144 4160 478 4245 nos‚quiesum11⁸‚⁰l¹¹⁸
500 4165 641 4235 perpetus
663 4158 830 4216 Diviiiitcte
857 4160 977 4235 niiiiiiii,
999 4165 1083 4241 cujus
1110 4187 1214 4228 sumus
1243 4191 1277 4230 cs
1299 4199 1319 4222 ιι

144 4245 319 4307 commercio
332 4238 469 4319 mpsniti.
513 4237 574 4308 Qui
587 4244 685 4295 tecum
699 4238 776 4295 vivit
789 4246 819 4295 ct
832 4250 944 4316 regnet.

205 4326 301 4385 Mla
313 4327 373 4399 fiai
387 4318 527 4379 „reinerio
541 4318 581 4374 inl
594 4316 669 4375 liiiiic
682 4317 814 4375 Mittam·

204 4406 347 4483 Eppwla,
384 4398 536 4477 Apparuit
549 4398 645 4475 gintiii
659 4396 735 4467 Dei:
754 4406 788 4454 ut
801 4398 811 4455 ι’
813 4419 832 4455 ii
841 4400 939 4473 prliilri
952 4402 1046 4461 Misco
1061 4406 1093 4464 iii
1107 4409 1154 4466 ‹Ii‘e
1165 4409 1361 4473 Natiuitatis

207 4484 344 4545 (insciolo.
386 4480 540 4541 Viderunt
552 4497 560 4553 5
579 4486 613 4536 rit
629 4478 661 4536 iii
674 4477 760 4537 tertio
773 4477 866 4537 Misso
880 4481 914 4539 iii
927 4483 974 4541 ilie
986 4484 1172 4549 ll'cii'citcti's.
