2804 4920
415 264 608 331 Benedictio
628 264 900 350 Perecciuocum.
1188 269 1251 333 443

116 432 202 492 Tunc
211 440 336 509 meroem
346 431 383 490 ob
392 432 523 491 oratione
532 452 655 509 sponsus
664 441 690 491 et
699 451 812 508 morico,
823 442 849 490 et
858 433 981 509 occipiat
993 453 1114 509 epotteue
1122 453 1223 509 pacem
1232 454 1252 492 a

64 512 206 573 Sacerdote
216 521 242 572 et
250 513 330 584 ferat
339 533 450 589 mecum
458 513 616 572 occulendo
624 532 687 572 eum
695 520 723 572 'et
732 512 876 572 neminem
885 513 979 572 dion
988 534 1039 572 nec
1047 515 1107 590 close
1116 534 1167 572 nec
1176 514 1250 590 ipsc,

64 593 106 653 ced
116 593 238 653 desim
244 603 313 670 post
325 593 426 668 ipsum
439 614 460 651 o
472 593 624 652 &cerdote
631 614 734 670 pacem
747 594 975 670 conticescat
988 594 1058 654 aliie
1070 614 1146 653 more
1159 592 1249 654 solito.

115 673 300 735 Communia
343 674 549 733 Benedicimus
563 673 661 732 Deum
675 673 745 733 caeli.

114 755 358 814 Poetcommunio.
400 754 548 813 Pmficiat.

113 834 186 894 Alia
198 834 440 895 Poetoommunio.

114 915 239 989 Prsests,
253 935 430 995 queesumus,
446 915 633 992 omnipotens
651 914 742 987 Deus,
757 914 896 974 instituta
914 916 1107 994 providentie
1123 921 1182 974 tuoe
1201 916 1251 993 pio

64 1016 153 1056 imore
180 998 331 1069 comitare,
359 1004 395 1055 ut
422 1016 495 1073 quos
522 995 654 1074 legitime
680 996 819 1054 societate
842 998 997 1070 connectis,
1023 997 1155 1076 longeva
1181 1017 1251 1074 pece

64 1078 209 1137 custodias„
253 1077 313 1136 Per
326 1076 481 1137 Dominus.

113 1158 220 1219 Postea
222 1156 278 1235 fiet
291 1157 446 1217 benedictio
460 1178 526 1216 cum
539 1157 631 1230 colice,
647 1157 697 1215 boc
710 1159 794 1216 niodo
803 1180 814 1216 .·

295 1238 491 1314 Adjutorium
503 1243 639 1296 nostrum
652 1239 685 1295 in
698 1239 817 1296 nomine
831 1238 971 1297 Domini:

338 1319 399 1389 Qui
410 1318 481 1377 iecit
494 1319 596 1377 cselum
610 1323 641 1375 et
653 1324 770 1377 terram

297 1398 345 1458 Sit
357 1418 464 1458 nomen
479 1399 604 1457 Domini
616 1398 803 1458 benedictum
815 1421 822 1458 :

336 1480 385 1538 Fun
398 1480 462 1553 hcc,
476 1499 565 1553 nunc,
579 1485 610 1538 et
624 1499 716 1556 usque
730 1481 762 1538 iu
775 1481 922 1539 saeculum.

114 1559 249 1620 Oremus
293 1561 467 1620 Benedictio.

113 1640 278 1701 Benedicat
291 1661 344 1700 vos
357 1642 460 1700 divina
479 1643 617 1718 majestas
630 1646 661 1698 et
674 1660 735 1699 unu
754 1641 867 1715 Deitas,
881 1641 972 1701 Peter
980 1639 1034 1722 ᾧ,
1049 1647 1080 1700 et
1092 1640 1186 1699 Filius
1194 1639 1247 1722 ᾧ,

64 1727 84 1779 ct
96 1720 227 1800 Spinitns
236 1720 279 1818 ›1‹
288 1723 421 1781 Sanctus
464 1722 572 1780 Amen

113 1803 186 1861 Post
207 1802 333 1862 Musam
349 1804 442 1880 poenis
462 1811 489 1861 ct
510 1803 612 1860 mntem
635 1801 680 1859 cel
702 1802 791 1861 alind
809 1802 914 1861 boreum
932 1802 1058 1880 petibile
1079 1804 1114 1861 in
1134 1802 1249 1862 bosculo

64 1882 228 1958 noserutscr,
248 1892 275 1942 et
292 1893 408 1960 quetent
428 1884 462 1941 in
480 1884 598 1942 nomine
617 1883 749 1956 Domini,
771 1882 921 1943 Sacerdote
936 1884 1035 1961 peinco
1057 1883 1099 1942 sic
1118 1885 1248 1944 dicente:

64 1963 202 2022 Dominus
215 1964 375 2023 vobiscum.

113 2043 254 2118 Benedic,
276 2044 411 2117 Domine,
433 2064 539 2122 panem
563 2044 654 2102 istum
679 2051 711 2103 et
731 2046 810 2104 hunc
832 2051 936 2123 potum
956 2052 987 2103 et
1009 2045 1064 2103 hcc
1087 2045 1247 2115 vasculum,

64 2123 130 2184 icut
152 2125 334 2184 benedixisti
358 2126 490 2203 quinque
512 2145 603 2202 penes
629 2126 662 2182 in
689 2126 811 2197 deserto,
831 2133 862 2185 et
884 2147 936 2184 sex
963 2126 1082 2203 hydrius
1108 2126 1140 2184 in
1168 2126 1249 2184 Cena

64 2202 184 2264 lalilmoe
193 2226 203 2278 3
222 2212 260 2263 ut
277 2206 339 2264 sint
356 2206 421 2264 sani
439 2212 470 2264 et
490 2205 582 2264 sobrii
604 2213 694 2281 etque
712 2207 894 2266 immaculati
917 2226 1017 2267 omnes
1037 2212 1190 2285 gustantes
1210 2227 1247 2265 ex

64 2304 95 2344 m.
136 2285 276 2345 Salvator
287 2286 400 2344 mundi
443 2287 504 2357 Qui
516 2287 602 2344 vivis.
908 2308 912 2313 ·

109 2365 203 2426 Nocte
229 2387 294 2426 cero
320 2375 449 2443 sequente
472 2387 539 2425 cum
559 2387 681 2443 iponem
702 2376 728 2425 ct
749 2388 854 2444 sperno
877 2370 1041 2429 adlectum
1057 2369 1247 2446 pervenerint,

64 2447 168 2507 semdae
180 2445 321 2507 Sacerdos
333 2456 360 2506 et
373 2447 516 2507 betudicot
530 2447 701 2520 tholoneum,
717 2449 835 2509 dicens:
855 2449 1003 2509 Dominus
1015 2451 1173 2510 vobiscum.

110 2526 241 2587 Benedic
261 2528 426 2586 tbslamum
445 2529 546 2600 istum,
562 2528 699 2600 Domine,
714 2535 745 2586 et
758 2549 859 2589 omnes
877 2530 1045 2589 habitantes
1063 2533 1096 2589 in
1109 2551 1152 2603 eo,
1167 2531 1247 2589 utin

64 2626 105 2666 us
115 2627 189 2686 pace
201 2609 372 2680 consistant,
387 2615 417 2668 et
430 2608 520 2667 etism
540 2607 573 2666 in
596 2615 650 2666 tua
670 2610 825 2670 voluntate
840 2618 1039 2689 permaneant,
1053 2618 1084 2670 et
1104 2612 1137 2670 in
1149 2631 1248 2670 amore

64 2707 105 2746 uc
116 2690 224 2747 vivant
237 2696 268 2747 et
281 2695 432 2748 senescant
446 2696 476 2746 et
489 2689 725 2766 multiplicentur
734 2692 768 2749 in
776 2692 1004 2769 longtitudinem
1013 2692 1136 2750 dierum
1179 2691 1245 2751 Per.

111 2768 226 2829 Deinde
241 2770 395 2829 benedictio
408 2789 493 2846 stepen
506 2770 616 2829 lectum.

112 2848 251 2922 Benedic,
267 2849 405 2924 Domine,
419 2850 498 2908 hunc
511 2850 689 2921 cubiculum,
704 2853 756 2928 qui
776 2872 836 2910 non
853 2853 962 2910 dormis
981 2871 1076 2929 neque
1096 2852 1244 2924 dormites,

64 2928 104 3006 lui
116 2930 248 2989 custodis
261 2930 361 2989 Isinel.
403 2929 542 2989 Famulus
561 2937 629 2990 tuos
642 2931 675 2988 in
696 2932 751 2990 boc
768 2933 844 2992 lecto
862 2933 1042 3010 quiescentes
1055 2933 1093 2991 ab
1109 2933 1246 2990 omnibus

64 3009 295 3071 ›hantmmaticis
316 3011 482 3070 daemonum
502 3011 691 3070 illusionibus
714 3013 828 3071 custodi
837 3034 846 3086 3
864 3013 1022 3090 vigilantes
1040 3013 1073 3071 in
1092 3013 1246 3091 preceptis

64 3090 111 3149 uis
130 3091 323 3165 meditentur,
341 3092 520 3151 dormientes
542 3099 574 3151 te
595 3112 798 3170 percuperem
814 3093 953 3166 sentiant,
967 3099 1000 3153 et
1018 3093 1067 3152 bic
1086 3101 1117 3152 et
1136 3093 1246 3171 ubique

64 3169 228 3231 lesensionis
240 3177 302 3231 tuce
314 3174 491 3232 munientur
503 3172 623 3231 auxilio.
666 3173 732 3233 Per.

109 3251 226 3312 Deinde
231 3256 292 3329 flet
305 3252 460 3314 benedictio
473 3273 560 3331 cuper
572 3274 623 3313 coe.

108 3331 273 3392 Benedicat
286 3334 376 3408 Deus,
396 3353 525 3412 corpore,
541 3340 640 3392 vestm
663 3341 694 3392 et
717 3335 831 3394 enimes
844 3343 965 3408 amttas,
979 3342 1010 3396 et
1030 3337 1081 3396 det
1092 3357 1181 3416 super
1192 3357 1245 3397 voc

64 3412 284 3474 lenedictionem
297 3434 381 3474 suam
394 3416 471 3474 sicut
483 3415 638 3473 benedixit
650 3415 814 3489 Abraham,
828 3416 919 3490 Isana
934 3425 966 3477 et
977 3419 1080 3479 Jacob
1122 3422 1229 3479 Amen

108 3492 228 3567 Manus,
253 3495 384 3566 Domini,
397 3498 438 3554 sit
458 3514 546 3573 super
568 3515 628 3567 vos,
651 3496 810 3573 mittatque
832 3506 967 3558 seucum]
990 3501 1128 3579 angelum
1148 3518 1244 3571 suum,

64 3575 102 3651 [ui
114 3575 262 3634 custodiet
274 3593 328 3635 vos
337 3578 473 3635 omnibus
486 3577 590 3635 diebus
603 3577 672 3635 vitse
684 3584 798 3637 vntrae.
841 3581 949 3641 Amen.

108 3654 271 3715 Benedicat
283 3675 337 3715 vos
350 3656 448 3730 Pater,
464 3663 495 3716 et
508 3657 613 3729 Filius,
626 3664 657 3715 et
671 3658 799 3736 Spiritus
813 3659 958 3735 Sanctus,
976 3663 1028 3738 qui
1042 3661 1139 3720 trinus
1152 3666 1197 3719 est
1210 3660 1242 3718 in

64 3751 181 3810 lumem,
196 3742 227 3795 et
240 3756 318 3795 unus
330 3737 363 3796 in
376 3738 503 3796 nomine.
546 3740 654 3799 Amen.

105 3814 166 3876 Hie
177 3817 276 3894 itaque
286 3820 411 3894 peractis
422 3818 551 3876 discedot
562 3820 702 3880 Sacerdos
710 3829 737 3879 et
749 3821 880 3881 dimittat
892 3842 938 3882 eos
949 3821 983 3879 in
991 3840 1071 3898 paee.

180 3955 372 4018 Bmcmcno
392 3973 489 4017 suess
509 3972 564 4015 sos
585 3974 639 4026 cm
660 3957 807 4019 Pmscnu
829 3960 1106 4020 Pscstcucusnus.

104 4059 166 4121 Isti
178 4062 294 4129 Psalmi
301 4064 401 4142 poinco
413 4062 553 4121 dicontur
564 4084 575 4121 .·

105 4142 168 4213 Qui
180 4142 305 4203 habitat
347 4143 460 4203 Ievcvi
475 4141 580 4201 oculos
623 4142 671 4201 De
683 4145 845 4222 profundis.

106 4223 213 4283 Gloris
226 4224 319 4284 Patri.
362 4224 446 4284 Sicut
459 4229 531 4283 erut.

105 4304 343 4383 Kyrieeleyson.
385 4303 504 4364 Christe
523 4302 648 4381 eleyson.
692 4305 788 4382 Kyrie
806 4305 931 4384 eleyson.

108 4384 321 4445 Paternoster.
364 4384 530 4445 Etneucs.
572 4383 744 4445 Sedliberu
