2804 4920
431 323 536 390 Hebd.
551 323 596 390 iv.
614 324 892 412 Qwuadrayesntoe.
1216 330 1266 400 67

120 490 432 631 &mmmm
446 571 516 650 quia
529 572 675 649 benignus
688 578 750 631 est:
773 573 891 651 psallite
911 572 1026 633 nomini
1045 575 1109 653 ejus
1128 576 1268 653 qnoniam

52 655 160 711 suavis
173 659 228 727 est,
242 654 341 712 omnia
354 673 540 730 quecunque
551 653 649 711 voluit
661 653 732 712 fecit
745 653 778 712 in
793 655 862 712 caelo
875 660 906 714 et
919 656 952 713 in
965 662 1051 715 terra

122 751 245 810 Secreto

123 832 280 891 Sacrificiis
300 834 504 910 presentibus,
521 833 660 905 Domine,
676 852 853 910 quaesumus,
872 834 994 893 intende
1017 835 1160 913 plscstus,
1183 842 1219 895 ut
1238 842 1270 896 et

54 913 215 972 devotioni
227 921 335 972 nostrae
349 914 505 993 proficiant
519 921 550 972 et
564 914 662 973 saluti
704 913 764 972 Per
777 915 948 974 Dominum.

124 1010 324 1166 afflig,
348 1112 413 1170 quse
436 1093 600 1153 aedificatur
620 1098 656 1151 ut
678 1093 803 1152 civitas:
833 1095 916 1170 cujus
939 1094 1127 1173 participatio
1149 1097 1213 1174 ejus
1233 1096 1267 1154 in

54 1173 209 1250 idipsum
229 1172 300 1231 illue
315 1175 395 1232 enim
409 1175 606 1233 ascenderunt
623 1174 729 1246 tribus,
744 1177 841 1233 tribus
849 1175 991 1235 Domini:
1010 1177 1048 1235 ad
1061 1178 1263 1236 confitendum

54 1255 176 1312 nomini
189 1261 252 1327 tuo,
267 1254 402 1312 Domine

121 1348 365 1407 Postoommunio.

123 1428 172 1487 Da
185 1430 278 1502 nobis,
293 1449 467 1507 quaesumus,
483 1430 648 1488 misericors
670 1430 771 1489 Deus:
793 1436 828 1489 ut
845 1436 946 1489 sancta
963 1437 1025 1504 tua,
1047 1432 1156 1509 quibus
1177 1433 1267 1492 inoes

54 1516 163 1568 santet
188 1510 352 1588 explemur,
379 1510 500 1569 sinceris
522 1518 682 1570 tractemus
704 1512 859 1589 obsequiis,
880 1518 911 1571 et
933 1512 1013 1570 fideli
1034 1533 1148 1592 semper
1167 1521 1267 1573 mente

57 1611 222 1650 sumamus.
277 1590 337 1650 Per
357 1591 529 1652 Dominum.

527 1774 627 1832 Fusus
648 1773 800 1832 Securus

126 1869 268 1945 Officium.

123 1950 216 2022 Deus,
230 1951 263 2008 in
276 1951 395 2009 nomine
408 1956 462 2009 tuo
476 1950 591 2009 salvum
609 1971 656 2009 me
678 1952 743 2009 fac:
776 1956 807 2009 et
828 1950 861 2008 in
874 1950 987 2010 virtute
1008 1957 1061 2010 tua
1078 1953 1182 2030 judica
1202 1973 1249 2013 mo
1259 1974 1268 2028 3

58 2034 156 2105 Deus,
172 2031 282 2090 exaudi
300 2033 463 2090 orationem
477 2052 580 2090 meam.

123 2129 272 2188 psalmus

124 2210 274 2280 Quoniam
291 2209 382 2268 alieni
399 2211 627 2269 insurrexerunt
647 2210 804 2269 adversum
826 2230 894 2269 me:
926 2217 957 2269 et
978 2211 1069 2270 fortes
1090 2213 1269 2289 quoesisrrmt

57 2292 194 2352 animam
208 2310 312 2363 meam,
328 2298 359 2348 et
373 2310 433 2349 non
446 2299 663 2368 proposuerunt
677 2291 777 2349 Deum
789 2298 860 2349 ante
873 2301 1061 2369 conspectum
1078 2313 1172 2352 sunm.

126 2388 236 2446 Oratio.

124 2468 248 2541 Praesta,
263 2488 439 2545 quesumus,
454 2469 640 2544 omnipotens
662 2468 753 2540 Deus,
772 2475 808 2526 ut
829 2469 1046 2528 observationes
1062 2490 1157 2529 sacras
1169 2491 1269 2531 annua

60 2551 222 2610 devotione
237 2549 405 2623 recolentes,
416 2558 447 2607 et
460 2569 579 2625 corpore
590 2550 645 2607 tibi
659 2549 825 2627 placeamus
838 2557 869 2607 et
882 2557 989 2610 mente.
1025 2550 1084 2609 Per
1094 2553 1265 2611 Dominum.

126 2648 227 2707 Lectio
240 2647 310 2705 libri
322 2647 434 2722 Repurn
447 2647 484 2724 (3
505 2648 547 2704 iii.
567 2647 680 2724 16-28).

124 2729 166 2787 In
179 2729 284 2787 diebus
297 2728 365 2800 illis,
381 2728 539 2786 Venerunt
553 2729 618 2785 duae
632 2728 769 2785 mulieres
784 2728 950 2786 meretrices
968 2729 1006 2786 ad
1024 2748 1121 2804 regern
1143 2728 1270 2787 Salomo-

62 2830 133 2868 nem
153 2831 244 2886 ueqrw
265 2811 306 2867 ad
326 2810 455 2867 Audivit
476 2811 576 2886 itsque
597 2810 692 2867 omnis
716 2808 809 2865 Israel
835 2808 980 2884 judicium
1005 2809 1084 2885 quod
1108 2810 1271 2885 judicasset

64 2913 125 2955 rex.
154 2898 185 2950 et
212 2893 378 2949 timuerunt
404 2910 510 2968 regem,
540 2891 673 2948 videntes
707 2889 882 2965 sapientiam
916 2889 976 2947 Dei
1010 2909 1072 2947 esse
1104 2891 1138 2947 in
1165 2910 1200 2948 eo
1232 2891 1270 2949 ad

63 2973 231 3031 iaciendum
254 2971 408 3048 judicium.

128 3068 264 3128 Grudale.

126 3151 199 3208 Esto
213 3150 288 3207 mihi
301 3149 334 3206 in
348 3149 445 3207 Deum
459 3154 673 3226 protectorem:
694 3152 724 3205 et
737 3146 770 3204 in
783 3146 881 3204 locum
895 3147 1021 3224 refugii:
1043 3153 1079 3205 ut
1093 3148 1208 3206 salvum
1222 3169 1269 3208 me

71 3230 162 3289 iacias
839 3288 840 3292 ,

82 3311 105 3368 V.
129 3312 220 3384 Deus,
236 3311 270 3369 in
283 3317 314 3369 te
327 3311 459 3388 speravi:
481 3310 617 3383 Domine,
633 3329 693 3368 non
706 3308 870 3366 confundar
882 3308 915 3366 in
928 3315 1080 3367 aeternum.

131 3409 262 3467 Tractus.
307 3407 446 3482 Dignam,
463 3407 598 3465 Domine.

130 3489 297 3548 »Secundum
309 3488 336 3544 J
334 3489 477 3546 ulmorum
490 3489 539 3565 (ii.
559 3487 671 3565 13-25).

131 3570 167 3628 In
189 3570 242 3628 illo
266 3577 406 3647 tempore,
431 3570 526 3646 Prope
547 3577 610 3627 erat
637 3569 747 3628 Pascha
770 3570 792 3629 J
795 3569 954 3640 udaeorum‚
976 3574 1007 3627 et
1029 3572 1161 3629 ascendit
1183 3570 1272 3629 Jesus

10 3684 15 3735 .'
85 3646 308 3727 Hierosolymam
320 3672 327 3707 :
349 3659 380 3708 et
393 3651 508 3708 invenit
522 3651 554 3706 in
565 3651 675 3727 templo
686 3652 846 3710 vendentes
857 3651 945 3708 boves
957 3671 1048 3726 usque
1061 3655 1102 3710 ad
1116 3653 1179 3728 ipse
1193 3653 1273 3710 enim

10 3740 16 3815 t
89 3731 181 3790 sciebot
194 3732 267 3809 quid
282 3738 359 3790 esset
373 3734 404 3788 in
420 3731 546 3789 homine.

10 3822 19 3873 t
137 3812 325 3887 Offertorc‘um.

15 3876 24 3943 i
136 3892 153 3949 J
155 3894 264 3952 ubilate
274 3894 347 3964 Deo,
358 3894 453 3951 omnis
464 3899 543 3950 tcrra
554 3915 559 3950 :
570 3893 697 3969 jubilate
709 3894 782 3967 Deo,
795 3894 890 3952 omnis
899 3900 995 3952 terra:
1009 3895 1120 3953 servite
1131 3895 1272 3967 Domino,

12 3991 15 3995 ·
93 3965 238 4110 witin:
259 3975 372 4033 intrate
385 3975 418 4032 in
431 3986 589 4050 conspectu
603 3975 666 4051 ejus
687 3975 720 4031 in
741 3976 933 4047 exultatione,
950 3977 1020 4053 quia
1037 3977 1185 4034 Dominus
1207 3978 1270 4052 ipse

165 4075 220 4115 eus

140 4132 249 4195 &om

142 4213 273 4276 Oblatum
294 4217 360 4290 tibi,
380 4217 518 4290 Domine,
534 4217 709 4277 sacrificium
730 4218 862 4277 vivificet
879 4238 933 4278 nos
950 4238 1072 4296 semper,
1093 4225 1123 4277 et
1142 4217 1260 4278 muniat

98 4282 143 4347 Ptr
153 4292 316 4358 Dominum.
914 4318 918 4326 ·

10 4383 27 4449 ἤ
143 4370 303 4440 &nm

148 4454 197 4543 ᾼδ
204 4423 330 4523 multis
343 4461 416 4521 meis
430 4461 542 4521 munda
555 4482 609 4536 me,
626 4461 754 4523 Domine
768 4483 774 4522 :
800 4467 831 4523 et
844 4462 882 4522 ab
895 4461 999 4522 alienis
1018 4480 1103 4542 parce
1117 4482 1200 4524 servo
1215 4469 1275 4524 tuo.
