2804 4920
605 352 701 417 Festo
714 353 744 417 J
745 352 831 417 uni-i.

241 519 380 576 Placatus
394 525 428 576 ut
442 520 503 596 ipse
518 540 585 576 suos
598 539 713 598 sempor
725 520 853 578 invisere
866 520 977 592 fideles,

240 601 384 658 Placitum
398 609 429 657 et
442 601 624 658 mansionem
637 601 670 658 in
684 601 725 659 eis
738 600 833 658 fucere
846 601 995 677 dignetur,

241 682 281 739 Et
294 683 362 757 agni
377 682 494 751 vellere,
509 702 597 757 quem
610 690 664 740 tuo
677 681 771 758 digito

238 762 348 820 Mundi
360 769 577 820 monstmvems
589 763 745 820 tollentem
759 762 893 836 crimine,
908 783 961 820 nos
975 764 1050 821 velit
1063 762 1208 835 iuduere3

240 843 281 901 nt
294 844 391 920 ipsum
406 863 571 902 mereamur
584 845 695 920 angelis
709 845 813 901 associi

239 924 277 981 Iu
291 925 359 982 olba
372 933 454 983 veste
468 926 550 1000 sequi
566 933 746 1001 perpernam
760 925 963 997 clarissimam,

117 1006 178 1082 (ter
191 1006 212 1061 <I
215 1005 320 1084 icitur)
334 1007 439 1063 Amice
454 1006 566 1063 Christi
580 1006 601 1062 J
604 1007 741 1063 ohannes.

178 1087 342 1145 ,secundam
356 1088 468 1144 Lucum
481 1088 518 1163 (i.
535 1089 651 1164 57-68).

177 1167 217 1224 Iu
236 1168 289 1226 illo
309 1175 448 1244 tempore,
464 1168 619 1226 Elizabeth
642 1168 798 1244 impletum
824 1176 869 1226 est
888 1173 1006 1245 tempus
1025 1187 1116 1243 rusque
1136 1167 1178 1225 ad
1197 1173 1226 1224 et
1243 1166 1300 1224 fecit

117 1248 349 1326 redemptionem
363 1249 456 1326 plebis
470 1269 538 1307 suoe.

178 1329 249 1388 Non
262 1331 373 1387 dicitur
393 1330 496 1387 Credo.

178 1411 370 1484 Offcrlorium.
414 1411 435 1470 J
437 1419 522 1468 ustus
535 1419 571 1469 ut
583 1413 689 1488 palme

177 1492 298 1550 Secreto.

175 1572 247 1645 Tun,
277 1573 414 1645 Domine,
443 1573 614 1630 muneribus
647 1573 755 1631 alteria
788 1573 982 1644 cumulamus,
1009 1572 1092 1629 illius
1125 1571 1292 1631 nativitatem

114 1654 225 1711 honore
249 1653 348 1711 debito
372 1655 560 1726 celebrantes,
577 1655 629 1730 qui
646 1654 823 1712 salvotorem
845 1653 949 1710 mundi
970 1660 1001 1711 et
1020 1654 1129 1711 cecinit
1141 1655 1291 1721 affuturum,

114 1742 146 1792 et
159 1735 258 1792 adesse
271 1736 459 1809 monstravit,
474 1735 638 1792 Dominum
652 1743 786 1793 nostrum
806 1736 828 1793 J
830 1755 911 1793 esum
927 1734 1079 1793 Christum
1094 1735 1204 1793 Filium
1215 1743 1289 1792 tuum

117 1815 177 1885 Qui
190 1821 298 1874 tecum.

178 1896 358 1956 Communis

175 1978 230 2049 Tu,
254 1998 335 2055 puer,
359 1977 504 2055 propheta
524 1978 675 2036 nltissimi
699 1978 857 2051 vocaberis,
872 1979 992 2055 praeibis
1012 1978 1092 2036 enim
1112 1986 1181 2036 unte
1205 1976 1286 2033 facim

116 2059 239 2116 Domini
252 2080 355 2136 perure
369 2060 432 2117 vius
446 2060 516 2136 ejus.

175 2141 417 2198 I'oetcommunio.

175 2222 280 2278 Sumat
307 2221 426 2278 ccclesia
453 2227 514 2294 tua,
544 2221 634 2294 Deus
662 2221 743 2278 beati
771 2221 919 2279 Johannis
953 2221 1098 2298 Baptistae
1125 2196 1283 2298 generaliore

112 2301 258 2371 laetieium,
282 2321 334 2378 per
357 2322 445 2378 quem
470 2322 529 2360 sure
556 2302 787 2380 regenerationis
813 2303 953 2380 cognovit
975 2310 1127 2360 auctorem
1150 2299 1281 2360 nominum

114 2388 257 2439 nostrum.
302 2393 309 2416 ¹

173 2614 232 2671 Per
254 2613 375 2671 Octavus
395 2614 428 2670 in
453 2615 548 2671 Feriis
569 2615 740 2671 coeuntibus
763 2615 874 2671 (licitur
888 2614 983 2670 llis-sc
1005 2616 1040 2670 dc
1061 2624 1159 2671 eurialo
1175 2610 1277 2669 dolonn

109 2705 143 2751 nl
157 2696 190 2752 iu
204 2696 259 2763 die,
277 2697 335 2752 nisi
355 2696 474 2752 Festum
495 2705 636 2765 occurrat,
651 2695 701 2751 secl
720 2695 781 2752 sine
800 2696 964 2769 rS'equenliu,
982 2704 1091 2770 prater
1104 2693 1247 2771 Epistulam
1261 2693 1277 2742 et

113 2777 314 2850 Eeaujscliurn.

172 2859 267 2914 Lectio
282 2858 438 2915 Ilioremisr
454 2857 602 2931 I’roplmlm
616 2857 653 2932 (i.
673 2857 761 2914 17-19
765 2858 790 2931 )

173 2941 210 2994 ln
231 2939 334 2996 diebus
348 2939 416 3005 illis,
434 2939 558 2994 Factum
573 2946 618 2994 cst
638 2939 761 2994 verbnm
784 2937 907 2994 Domini
921 2938 957 2993 ud
973 2958 1020 2995 me
1034 2937 1152 2996 dicens:
1174 2938 1213 2994 Tu
1230 2945 1278 3004 crgO

110 3020 227 3094 accinge
241 3041 332 3093 usque
346 3022 386 3075 orl
402 3021 464 3093 Ego
480 3027 576 3075 tecum
592 3039 665 3089 sum,
682 3020 725 3075 ait
741 3019 897 3089 Dominus,
914 3027 948 3074 ut
963 3019 1086 3076 liberem
1101 3027 1138 3076 te.

173 3102 340 3157 Scernulum
351 3101 461 3156 Lucum
478 3101 518 3172 (i.
539 3100 652 3174 18-25)

169 3182 206 3236 In
221 3182 273 3237 illo
288 3189 427 3257 temporo,
441 3181 529 3236 Dixit
544 3180 700 3236 Zoclmrins
715 3181 752 3237 ud
766 3181 903 3255 angelum
919 3201 924 3237 :
949 3181 1039 3239 Unde
1051 3181 1105 3239 hoc
1117 3181 1201 3240 sciam
1214 3183 1287 3249 2¹qu

110 3262 152 3318 cd
165 3262 279 3319 auferre
293 3262 483 3337 opprobrium
499 3281 598 3317 meum
612 3263 691 3318 inter
704 3261 845 3317 homines,

295 3459 482 3517 Ssucronun
504 3460 663 3516 Joususrs
685 3476 722 3515 ur
743 3459 851 3516 Pium.
897 3460 947 3535 (vi.
965 3460 1034 3516 Kal.
1051 3460 1130 3537 Jul.)

173 3591 312 3668 Officium.
357 3593 462 3649 Multo
479 3591 692 3649 tribulationes

172 3674 280 3731 Oratio.

171 3757 353 3825 Quaesmnus‚
379 3755 565 3846 omnipotens
594 3754 683 3821 Deus,
712 3761 747 3810 ut
775 3774 828 3809 nos
851 3755 1002 3830 geminata
1029 3756 1106 3814 lutit
1067 3759 1136 3814 mia
1163 3756 1309 3813 hodieru‘
1291 3746 1320 3787 ²³¹

109 3838 222 3895 sustitit
210 3837 281 3893 tatis
302 3835 440 3911 excipiet,
457 3856 521 3911 que
543 3835 579 3890 de
600 3835 753 3891 beatorum
777 3836 955 3892 Iohannis
940 3844 970 3892 ct
989 3837 1117 3894 Pauli
1098 3839 1235 3914 glorificet
1237 3826 1323 3891 i01¹

108 3919 261 3995 procedit;
291 3937 364 3993 quos
386 3917 485 3973 cadem
510 3917 581 3972 lides
606 3924 636 3971 et
660 3916 756 3991 passio
776 3936 845 3973 vere
865 3918 935 3973 fecit
956 3937 1017 3974 esse
1037 3939 1199 3995 geiannos
1245 3906 1323 3971 PC

111 4001 281 4057 Dominum

169 4080 309 4156 Epistola„
354 4078 398 4133 Hi
413 4084 483 4134 sunt
497 4078 554 4133 viri
546 4077 783 4136 misericordie.

170 4162 304 4220 Grmlulc.
348 4160 424 4215 Ecce
438 4178 526 4235 quum
540 4159 659 4215 bonum.

115 4244 143 4303 V.
168 4244 460 4317 Sicutunguentum.

167 4323 315 4399 Alleluyu
366 4320 478 4379 V.Isti
496 4326 567 4376 sunt
587 4320 652 4375 dure
673 4320 758 4377 olium
777 4329 808 4378 et
826 4322 885 4380 duo
906 4302 1323 4383 candelabrulncentieen⁴

107 4407 286 4463 Dominum:
308 4403 419 4459 hubent
432 4409 609 4477 potestatem
624 4401 758 4459 claudere
773 4403 875 4460 ceolum
890 4405 1021 4463 nubibus
1035 4414 1066 4462 et
1080 4407 1194 4484 merim
1207 4398 1323 4484 portb‘

106 4489 186 4564 ojus:
208 4487 279 4562 qnia
293 4484 400 4560 linguae
415 4502 515 4540 eorum
530 4482 626 4539 claves
640 4483 703 4539 caeli
716 4483 801 4542 fuctae
815 4493 893 4543 sunt
