2804 4920
450 331 553 400 Habet
567 355 594 402 r.
613 331 895 419 Quadrayestmoe.

547 551 649 609 anrs
669 551 794 609 Tmrrn

132 662 274 739 Officium.

129 745 266 822 Expecto
278 742 451 818 Dominum,
465 743 595 804 viriliter
607 765 669 824 ege,
684 752 716 804 et
732 745 913 805 eonfortetur
925 765 977 805 eor
990 751 1095 806 tuum:
1116 751 1147 805 et
1160 746 1274 805 sustine

67 825 243 885 Dominum.

128 907 276 965 Psalmus.
775 949 778 953 ,

129 987 278 1046 Dominus
291 986 472 1046 illuminatio
485 1007 560 1062 mea,
581 996 612 1046 et
625 987 704 1047 sulus
718 1008 799 1047 mee:
821 1009 910 1067 quem
924 989 1056 1048 timebot

132 1069 242 1127 Oratio.

128 1149 242 1207 Nostro
261 1149 327 1222 tibi,
348 1149 486 1223 Domine,
508 1165 693 1226 quesumus·
713 1151 774 1208 sint
797 1157 916 1229 eeeepte
932 1151 1057 1227 jejunia,
1079 1171 1144 1228 quse
1167 1170 1220 1209 nos
1241 1157 1273 1210 et

65 1230 215 1308 expiando
235 1230 332 1308 gretie
354 1239 409 1289 tus
429 1231 534 1308 dignos
555 1232 692 1304 efficient,
707 1239 739 1290 et
758 1232 797 1290 ad
818 1232 949 1290 remedie
968 1232 1133 1309 perducent
1152 1239 1270 1291 esterna.

66 1311 128 1370 Per
141 1311 313 1369 Dominum.

127 1409 224 1467 Lectio
237 1407 374 1467 Danielis
387 1408 537 1485 Prophetes
550 1410 623 1488 (xiv.
640 1410 740 1468 27-42.
784 1410 921 1468 Hister-rb
933 1410 988 1469 Bel
999 1420 1025 1473 et
1039 1410 1211 1489 Draconis).

128 1489 169 1547 In
182 1490 285 1548 diebus
297 1490 366 1562 illis,
382 1489 560 1568 congregati
577 1497 649 1549 sunt
666 1490 826 1566 Babylonii
842 1491 881 1549 nd
898 1511 1005 1568 regem,
1021 1499 1052 1550 et
1068 1492 1209 1550 dixerunt
1224 1490 1251 1551 ei
1262 1512 1271 1565 ;

65 1570 163 1629 Trade
182 1571 268 1628 nobis
286 1570 451 1642 Danielem,
466 1572 520 1648 qui
540 1571 595 1630 Bel
609 1571 765 1643 destruxit,
781 1578 812 1630 et
825 1571 993 1631 Draconem
1013 1573 1164 1631 interfecit
1181 1592 1272 1648 usque

62 1653 106 1710 ud
118 1651 229 1709 fneiens
242 1651 326 1728 signs
339 1659 370 1709 et
387 1652 536 1710 mirabilis
549 1653 582 1709 in
595 1654 665 1711 eaelo
680 1659 710 1710 et
723 1654 755 1710 in
769 1660 868 1727 term-5
888 1654 942 1732 qui
954 1653 1094 1712 liberavit
1114 1653 1272 1712 Danielem

65 1733 105 1792 de
117 1733 184 1791 lseu
198 1732 325 1790 leonum.

129 1813 264 1872 Gradale.

127 1894 271 1953 Discerne
288 1912 406 1952 censam
423 1914 528 1968 meem,
544 1894 691 1955 Domine:
712 1896 750 1954 ab
768 1895 889 1954 homine
906 1895 1010 1974 iniquo
1024 1903 1055 1955 et
1073 1896 1173 1955 doloso
1190 1896 1272 1974 eripe

64 1995 122 2034 me.

69 2056 99 2115 V.
126 2055 241 2114 Emitte
262 2055 358 2114 luoem
381 2061 465 2114 tunm
487 2063 517 2115 et
539 2058 698 2115 veritatem
719 2064 821 2116 tuam:
850 2058 914 2135 ipse
936 2078 982 2116 me
1005 2058 1210 2116 deduxerunt:
1240 2063 1273 2116 et

63 2136 256 2196 sdduxenmt
268 2137 302 2194 in
316 2143 448 2195 montem
462 2144 597 2196 sunctum
611 2146 705 2197 tuum

123 2218 294 2278 Seersudum
306 2215 473 2276 lobrensem
486 2219 552 2296 (eii.
573 2220 664 2297 1-13)

124 2299 165 2358 In
178 2299 232 2357 illo
245 2305 387 2374 tempore,
400 2300 586 2358 Ambulabet
598 2300 620 2359 J
622 2320 688 2358 esus
701 2299 734 2357 in
748 2300 901 2359 Gulilaeum
909 2321 918 2373 3
927 2320 998 2358 non
1012 2301 1092 2359 enim
1105 2300 1224 2358 volebat
1237 2300 1270 2357 in

60 2379 84 2439 J
85 2379 203 2439 udaeem
215 2379 368 2438 ambulare
381 2401 472 2456 usque
484 2382 526 2440 ad
539 2381 638 2440 Nemo
651 2389 752 2440 tumen
765 2382 864 2459 pelam
879 2381 1056 2459 loquebatur
1068 2381 1105 2440 de
1118 2382 1171 2438 illo
1184 2400 1269 2459 prole

62 2468 112 2520 ter
123 2467 240 2519 metum
254 2460 276 2519 J
277 2460 436 2521 ndaeornm.

126 2542 322 2617 Offertorium.

121 2623 252 2700 Spemnt
268 2623 302 2680 in
318 2631 349 2683 te
366 2643 467 2682 omnes
485 2624 536 2702 qui
552 2632 702 2683 noverunt
721 2644 830 2683 nomen
845 2632 940 2696 tuum,
957 2625 1105 2683 Domine:
1129 2622 1269 2701 quoniam

59 2723 121 2762 non
145 2703 327 2781 derelinquis
351 2711 516 2783 quaerentes
537 2711 586 2763 te:
613 2706 730 2782 psallite
755 2706 894 2779 Domino,
909 2706 961 2784 qui
985 2705 1155 2763 habitatin
1178 2705 1269 2777 Si0n3

61 2785 205 2862 quonism
218 2804 280 2842 non
293 2792 339 2844 est
352 2786 462 2844 oblitus
475 2786 639 2844 orationem
652 2805 823 2864 pauperum.

123 2958 251 3017 Hostias
263 2959 329 3033 tibi,
345 2959 481 3031 Domino,
496 2959 655 3019 deferimus
671 2958 875 3031 immolandas,
890 2979 956 3036 quse
969 2958 1127 3036 temporali
1141 2957 1270 3016 consola-

63 3039 154 3179 rioneo
154 3060 208 3097 nos
214 3040 381 3113 lmtifieent3
394 3047 430 3098 ut
438 3041 582 3118 promisse
591 3041 700 3099 certius
710 3060 860 3118 speremus
870 3055 989 3098 aeternu.
1025 3039 1084 3098 Per
1095 3040 1267 3098 Dominum.

154 3141 311 3179 onsnsunw.

126 3200 253 3260 Redime
267 3221 323 3274 me,
338 3201 421 3259 Deus
434 3200 546 3261 Israel:
568 3221 606 3260 ex
619 3202 756 3262 omnibus
769 3203 914 3281 angustiis
928 3202 1008 3261 meis.

126 3281 370 3341 Posteommumb.

124 3361 180 3436 Da,
195 3382 373 3440 quaesumus,
388 3363 574 3440 omnipotens
595 3364 695 3438 Deus3
715 3371 750 3423 ut
771 3385 836 3443 quae
857 3365 960 3422 divina
973 3371 1044 3422 sunt
1059 3365 1175 3446 jugiter
1188 3383 1270 3422 exse-

10 3460 12 3509 3
78 3449 194 3517 quentes,
209 3444 297 3503 donis
312 3464 475 3502 mereamur
488 3445 652 3503 coelestibus
665 3447 872 3524 propinquare.
916 3446 975 3503 Per
989 3446 1161 3505 Dominum.

131 3524 222 3601 Super
237 3525 392 3602 populum.
973 3529 975 3533 ’

129 3603 173 3664 Du
185 3606 279 3678 nobis,
295 3625 471 3682 quaesnmus,
486 3606 622 3678 Domine,
638 3614 874 3684 perseverantem
888 3607 920 3665 in
934 3613 987 3664 tua
1005 3608 1160 3666 voluntate
1174 3608 1267 3665 funiu-

87 3678 170 3757 ltlum,
190 3694 227 3746 ut
250 3688 282 3746 ln
306 3686 409 3744 diebus
430 3687 540 3745 nostris
563 3694 595 3745 et
618 3690 724 3746 merito
748 3696 779 3747 et
802 3708 927 3746 numero
951 3688 1033 3764 plebs
1056 3690 1114 3747 tibi
1138 3689 1268 3746 serviens

90 3776 216 3840 tugmtm.
260 3766 320 3826 Per
333 3766 506 3828 Dominum.

536 3948 636 4006 anm
657 3948 795 4018 Qunnrn

137 4058 270 4137 Officium
936 4098 939 4103 ·

136 4137 285 4203 Libenter
305 4163 388 4202 meus
410 4143 601 4222 degentibus
619 4144 789 4202 iracundis:
818 4152 849 4204 et
869 4146 906 4204 ab
928 4145 1149 4225 insurgentibus
1169 4145 1202 4202 in
1219 4164 1268 4203 me

94 4216 279 4365 efflllsglismrtrcig,
295 4244 314 4282 s
326 4226 392 4283 viro
404 4226 509 4302 iniquo
522 4226 628 4303 eripies
641 4245 698 4297 me,
713 4226 848 4285 Domine.

137 4377 256 4464 Dilignm
269 4394 310 4461 ts,
325 4386 454 4446 Domine
467 4386 613 4445 fortitudo
626 4407 709 4446 mee:
731 4386 878 4447 Dominus
887 4388 1107 4448 firmamentum
1114 4406 1221 4460 meum,
1236 4394 1268 4448 et

94 4453 211 4539 Ιθῗῠείιιιιι
222 4487 331 4528 meum.
373 4467 444 4527 Nou
457 4468 716 4528 dioaturslterius.
