2804 4920
433 281 531 349 Festa
550 281 746 351 omero.

289 447 468 508 Adolesoens
481 449 668 527 amplexatur

330 529 513 589 Litterarum
526 531 635 604 studia,

288 609 416 669 Alienus
430 619 461 670 et
473 611 616 671 immunis

329 691 382 749 Ab
394 693 476 751 omni
485 692 615 751 lascivis.

289 783 377 844 Felix
389 786 544 858 confessor,

329 866 422 944 Cujus
436 867 496 925 fuit
509 866 666 944 dignitatis

329 946 400 1005 Vox
413 947 449 1006 de
463 948 533 1006 eaelo
546 948 674 1021 nuntiu3

289 1027 348 1087 Per
361 1048 450 1106 quem
464 1035 622 1106 provectus

329 1108 509 1168 Praesuletus
521 1110 700 1168 sublimetur

329 1190 381 1249 Ad
394 1210 510 1249 summe
522 1190 648 1268 fastigia

290 1283 365 1342 Erat
377 1283 410 1340 in
424 1284 487 1360 ejus
500 1283 601 1342 animo

329 1363 430 1423 Pietas
442 1365 573 1438 eximis;

288 1445 330 1502 Et
343 1446 490 1523 oppressis
502 1446 693 1522 impendebat

329 1525 430 1585 Mults
443 1527 592 1588 beneficis

288 1608 375 1666 Auro
388 1627 440 1684 per
453 1627 521 1666 eum
535 1607 685 1685 virgiuum

328 1687 458 1746 Tollitur
470 1688 613 1761 infamiu3

289 1768 392 1846 Atque
405 1769 498 1847 petris
512 1769 672 1827 earundem

330 1850 462 1909 Levetur
474 1851 581 1928 inopie

290 1942 419 2012 Quidum
430 1949 530 2001 nsutae
544 1943 718 2019 navigantes

330 2024 372 2081 Et
381 2029 485 2082 contre
496 2024 641 2081 fluctuum
651 2024 799 2083 saevitiem
812 2024 968 2096 luctantes,

329 2103 361 2162 N
362 2105 413 2163 uvi
426 2123 510 2182 poene
524 2104 675 2175 dissolute,

289 2184 312 2243 J
312 2205 360 2243 am
374 2185 411 2243 de
424 2185 489 2244 vite
501 2185 698 2263 desperantes,

330 2265 370 2323 In
379 2273 469 2338 tanto,
474 2267 564 2343 positi
573 2267 704 2345 periculo
717 2266 887 2342 clementes,

330 2345 412 2406 Voce
425 2346 529 2405 dieunt
543 2367 643 2407 omnes
656 2367 716 2406 una
729 2369 736 2407 :

291 2440 318 2497 0
332 2439 417 2498 beate
431 2439 563 2512 Nicolue,

331 2519 396 2578 Nos
409 2521 447 2579 ed
460 2521 552 2579 maris
564 2528 684 2598 portum
698 2522 783 2582 trehe

331 2600 378 2659 De
391 2602 496 2659 moitis
509 2602 647 2679 augustia
658 2622 667 2677 3

290 2682 388 2740 Trahe
400 2702 455 2741 nos
468 2683 506 2740 od
519 2690 639 2760 portum
653 2683 751 2757 maris,

331 2765 376 2821 Tu
391 2764 443 2841 qui
456 2771 503 2822 tot
516 2764 671 2823 auxilieris

331 2845 456 2904 Pietatis
469 2845 573 2922 gratia.

292 2937 373 2995 Dum
385 2936 548 2995 clamarent
560 2957 614 2995 nee
627 2937 783 3010 ineassum,

331 3017 406 3075 Eeoe
420 3017 540 3094 quidum
554 3018 662 3092 diceus,
679 3020 792 3078 Assum

329 3099 381 3158 Ad
396 3105 495 3157 vestre
508 3099 652 3176 proesidie.

291 3178 399 3238 stetim
413 3200 486 3238 aure
500 3179 589 3237 detur
601 3186 695 3258 gieta,

331 3261 372 3318 Et
384 3266 544 3338 tempestus
557 3261 594 3319 fit
606 3261 715 3335 sedete,

330 3341 516 3412 Quieverunt
528 3342 630 3400 muria.

291 3433 339 3491 Ex
351 3433 444 3509 ipsius
457 3434 562 3491 tumbe
574 3441 677 3493 munet

330 3513 490 3572 Unctionis
504 3514 596 3590 copis,

290 3593 363 3663 Quae
377 3595 510 3652 infirmos
523 3615 625 3654 omnes
641 3604 728 3656 senet

331 3675 390 3734 Per
402 3677 466 3752 ejus
479 3675 627 3753 suffragiu

291 3768 355 3827 Nos
368 3769 420 3845 qui
433 3789 535 3826 sumus
550 3771 582 3827 in
595 3770 650 3829 hoe
664 3772 777 3831 mundo

330 3850 484 3907 Vitiorum
498 3850 531 3907 in
543 3851 692 3928 profundo

329 3931 351 3990 J
352 3950 400 3988 um
415 3931 493 4007 pessi
506 3931 671 4011 naufragis,

291 4010 425 4070 Glorioso
439 4011 572 4085 Nimiae,

330 4092 382 4151 Ad
395 4093 499 4151 salutis
513 4101 632 4171 portum
646 4096 739 4170 trahe,

332 4174 396 4233 Ubi
408 4194 468 4251 pax
481 4181 513 4233 et
524 4176 625 4252 gloria„

292 4268 392 4346 Ipsum
405 4268 490 4326 nobis
503 4270 674 4328 unctionem

331 4349 478 4427 Impetret
490 4370 509 4408 a
522 4349 653 4411 Domino

331 4430 503 4510 Pmoepie3
