2804 4920
507 278 604 345 Festa
623 278 806 345 ducenarii.

97 441 113 471 ⁸
121 442 286 518 »tleqaentia
302 445 338 503 de
351 443 528 517 Communi,
548 446 593 504 ‘uel
606 447 739 518 Tractus,
755 447 866 505 Beatus
881 445 953 506 viu*

120 523 321 599 Ia'vanpeliam.
364 526 484 599 Videte,
500 528 631 606 vigilate.

120 603 314 677 offertorium.
357 606 487 668 Veritas.

118 685 260 746 Secretai

120 765 249 844 Suscipe,
264 789 441 845 quaesumus,
457 772 595 845 Domine,
611 771 807 849 supplicantis
828 771 948 829 familia
972 777 1031 829 tua
1053 791 1162 830 munus
1182 770 1261 829 obla-

74 866 134 917 ιιιιι,
152 854 184 905 et
211 850 290 925 quod
317 870 367 908 rea
389 871 450 909 non
477 853 567 911 audet
593 873 709 930 sperare
737 853 923 925 conscientia,
945 852 1146 913 intercedente
1173 854 1260 911 beato

74 925 220 986 Wulstano
234 931 398 990 confessore
412 942 465 991 tuo
478 940 570 1010 atque
583 935 730 1012 pontifice,
745 941 798 992 tua
811 934 896 992 nobis
909 933 1054 1012 largiatur
1065 933 1259 1012 indulgentia.

74 1006 119 1066 Per
137 1008 309 1068 Dominum.

122 1088 301 1151 Communia
345 1093 457 1153 Beatus
470 1115 579 1154 servus.

123 1171 386 1250 Postconrmunic.‡

122 1251 268 1312 Salutaris
301 1258 355 1326 tui,
390 1256 527 1327 Domine,
564 1257 666 1317 satiati
703 1259 852 1335 mysterio,
886 1257 1032 1336 supplices
1067 1258 1260 1335 imploramus

74 1331 245 1393 clementiam
281 1344 373 1403 tuam,
401 1345 437 1395 ut
470 1358 524 1415 pro
555 1340 641 1397 nobis
669 1340 733 1415 ejus
759 1359 820 1399 non
854 1340 931 1399 desit
958 1340 1062 1413 oratio,
1091 1340 1177 1415 cujus
1207 1358 1261 1397 nos

74 1412 178 1473 donasti
191 1418 351 1493 gubernari
365 1420 536 1496 patrocinio.
580 1420 639 1478 Per
652 1421 823 1479 Dominum.

146 1640 258 1697 Sasuri
281 1642 415 1700 Fanum
431 1660 468 1700 aa
483 1644 677 1711 Sanasrraur,
693 1661 873 1702 uairrrucu.
913 1644 989 1722 (xiii.
1006 1644 1075 1704 Kal
1094 1643 1179 1721 Feb.)

122 1772 263 1847 Officiuna
309 1775 408 1833 Intret
422 1777 454 1833 in
468 1783 633 1853 conspectu.

122 1854 234 1912 Oratio,

121 1935 214 2009 Deus,
245 1936 298 2012 qui
324 1937 425 1995 beatos
444 1944 589 2013 martyres
616 1945 693 2010 tuos,
724 1938 889 1997 Fabianum
924 1946 1013 2017 atquc
1048 1939 1263 2010 Sebastianum,

75 2014 174 2073 irtute
189 2018 362 2075 constantiae
377 2020 409 2075 in
422 2020 557 2094 passione
571 2019 736 2092 roborasti;
758 2040 796 2077 ex
810 2020 874 2096 ejus
887 2020 973 2078 nobis
986 2015 1152 2090 imitatione
1166 2020 1265 2078 tribue

74 2115 112 2207 pu
125 2118 227 2156 amore
241 2104 294 2157 tuo
308 2118 445 2176 prospera
458 2100 563 2158 mundi
576 2100 732 2177 despicere,
745 2107 776 2159 et
790 2101 874 2159 nulla
882 2102 945 2177 ejus
959 2102 1083 2160 adversa
1095 2100 1262 2161 fornridsre.

84 2199 128 2237 er,

122 2259 263 2336 Epistola.
308 2261 410 2320 Sancti
423 2283 476 2339 per
489 2262 586 2322 fidem.
672 2318 676 2324 .

124 2340 259 2400 Gradadc.
304 2342 462 2402 Gloriosus.

75 2421 97 2478 ’.
126 2422 260 2481 Dextera
274 2429 334 2481 tua.

123 2503 274 2580 Alleluya.
323 2505 351 2562 V.
374 2504 477 2563 Sancti
490 2507 546 2576 tui,
561 2507 698 2579 Domine,
713 2507 896 2566 benedicent.

122 2584 289 2660 ›quuentia
305 2587 340 2643 dc
354 2585 530 2657 Conamen&
543 2587 589 2646 ccl
602 2589 735 2662 Tractus,
749 2589 809 2658 Qui
822 2588 971 2647 seminant
978 2606 989 2661 3
1008 2587 1036 2645 si
1049 2585 1134 2662 iufra
1146 2584 1268 2664 Septen·

74 2666 202 2723 asianam
214 2667 343 2724 evencii.

125 2744 179 2828 [Et
192 2749 234 2805 sic
247 2747 358 2805 dicitur
373 2748 496 2807 Tractus
510 2748 569 2808 loco
582 2748 724 2826 Alleluyn
737 2770 757 2807 n
767 2750 985 2826 Septwpesimn
1000 2769 1093 2824 usque
1105 2751 1146 2807 (ul
1159 2749 1269 2808 Ronucs

74 2824 376 2910 ’calmontana—MS]

127 2909 327 2984 Ecanpelium.
371 2910 557 2969 Descendens
570 2912 659 2969 Jcsus
673 2911 709 2969 de
723 2918 830 2970 monte.

126 2990 320 3065 Offcrtcrium.
365 2992 528 3050 Loetamini.

125 3072 265 3148 Smeda.§

124 3154 258 3230 Accepta
282 3155 321 3210 sit
345 3153 378 3210 in
402 3160 559 3230 conspectu
579 3161 640 3227 tuo,
666 3173 843 3231 quaesumus,
860 3154 997 3226 Domine,
1018 3159 1120 3212 nostra
1138 3152 1265 3226 devotio,

74 3235 93 3285 b
111 3254 214 3292 comm
234 3236 288 3291 fiat
308 3234 393 3292 nobis
410 3235 623 3312 supplicatione
643 3236 781 3294 salutaris
801 3255 855 3313 pro
875 3255 1002 3312 quorum
1021 3235 1156 3312 passione
1176 3234 1268 3294 defer-

74 3330 122 3374 ιιι.
166 3314 226 3373 Per
239 3315 404 3373 Dominum
417 3324 559 3374 nostrum

126 3394 309 3455 Communia
353 3395 519 3456 Multitudo
533 3398 746 3473 languentium.

125 3477 389 3554 Postcornnrunio.ll

119 3558 209 3616 Sacro
220 3578 344 3616 munere
354 3559 454 3616 satiati
464 3558 609 3636 supplices
619 3565 658 3630 te,
672 3559 809 3629 Domino,
820 3559 1017 3637 deprecamur,
1026 3565 1062 3617 ut
1072 3559 1151 3636 quod
1160 3559 1267 3616 debita

74 3639 221 3697 ervitutis
254 3639 435 3697 celebramus
462 3640 565 3711 officio,
594 3640 844 3698 intercedentibus
878 3642 971 3699 beatis
998 3642 1179 3718 martyribus
1205 3638 1267 3698 tuis

74 3716 199 3779 'abieno
213 3726 245 3779 et
259 3720 441 3792 Sebastiano,
456 3721 629 3780 salvationis
642 3727 701 3780 tuae
715 3722 878 3780 sentiamus
890 3729 1091 3800 augmentum.
1135 3720 1201 3779 Per.

125 3845 139 3869 ⁹
154 3840 292 3887 Ona-MS.

123 3901 341 3960 †blS.-Muncra
366 3901 418 3957 tibi,
440 3901 550 3957 Domine,
570 3900 648 3947 dicata
669 3901 799 3959 sanctifica,
818 3906 843 3947 ct
863 3901 1025 3949 intercedente
1045 3899 1115 3946 bcuto
1136 3899 1266 3945 ll'ulstnno

78 3960 202 4005 totamm
211 3965 255 4006 tuo
264 3965 337 4020 atque
347 3961 468 4019 pontificu,
478 3975 520 4019 per
530 3960 611 4005 eadem
622 3975 667 4006 nos
677 3961 786 4018 placatus
796 3961 900 4006 intende.
932 3961 979 4005 Per
989 3959 1126 4005 Dominum.

126 4021 139 4080 ζ
154 4019 324 4066 MS-Sancti
333 4034 385 4079 nos,
395 4021 505 4073 Domine,
516 4020 661 4066 contessoris
672 4019 707 4064 tui
721 4025 793 4078 atque
802 4021 924 4079 pontificis
938 4018 1059 4064 ll'ulstani
1069 4017 1174 4076 precatio
1184 4023 1268 4063 cerreta

74 4078 329 4141 prbaecncrsmenta
338 4093 392 4139 qum
402 4080 548 4137 sumpsimus
562 4083 672 4135 tucatur3
688 4083 716 4124 ut
749 4079 796 4124 uod
814 4085 897 4126 nostm
912 4078 1059 4124 conscicntia
1074 4091 1123 4122 non
1132 4077 1265 4135 praesumit,

74 4137 172 4195 lusqui
183 4138 228 4184 tibi
255 4138 330 4184 lacuit
340 4139 411 4184 nobis
421 4139 527 4184 oratione
537 4139 646 4183 donetur.
679 4139 725 4183 Per
758 4139 871 4184 ominum.

80 4252 91 4264 “
127 4196 240 4256 ssis.-
265 4199 341 4244 ostias
351 4197 405 4257 tibi,
415 4197 525 4255 Domine,
535 4212 580 4257 pro
590 4197 714 4243 bcutcrum
729 4203 863 4256 martyrum
878 4193 1266 4266 tuonml'pbisuietSobcstiani

74 4256 262 4361 issffifflm
271 4256 392 4316 benignus
401 4271 503 4313 assume,
512 4262 536 4302 ct
546 4257 576 4302 ed
586 4262 729 4316 perpetuum
739 4257 811 4303 nobis
821 4257 900 4304 tribue
910 4269 1036 4315 provenire
1046 4253 1187 4300 subsidium.
1218 4254 1266 4299 Per

127 4375 136 4433 Η
152 4374 343 4434 BIS-Accepta
359 4375 391 4421 sit
407 4376 432 4421 in
448 4380 577 4434 conspectu
593 4378 644 4434 tuo,
659 4375 769 4432 Domine,
784 4379 868 4421 nostra
882 4374 986 4431 devotio,
995 4378 1019 4421 et
1035 4386 1119 4422 corum
1135 4370 1208 4421 noble
1223 4371 1266 4418 ilat

79 4434 245 4492 applicatione
255 4435 378 4495 amaturis,
388 4449 432 4494 pro
442 4448 543 4494 quonam
553 4435 713 4482 sollemnitate
723 4435 836 4482 defertur.
867 4434 920 4479 Por.
