2804 4920
161 336 206 401 er
524 330 629 398 neta.
652 331 708 397 ua.
734 330 1006 419 emmaum.

226 499 405 652 {iiiimxiiii
411 599 449 637 ex
463 578 535 637 Sion
549 579 676 638 salutare
690 580 784 639 Israel
797 601 804 639 ι
831 600 899 639 cnm
919 581 1062 640 everterit
1082 580 1233 641 Dominus
1251 580 1374 659 captivi-

165 668 257 722 tatem
272 662 366 740 plebis
380 680 450 733 suae,
464 660 613 719 exultabit
625 661 729 734 Jacob,
745 668 777 720 et
790 662 943 721 letabitur
955 662 1057 720 Israei

226 760 468 819 Postwmmuuio.

226 843 348 914 Praesta,
363 860 539 918 quaesumus,
554 841 740 917 omnipotens
761 848 793 900 et
813 841 977 900 misericors
998 842 1090 915 Dens,
1104 848 1140 901 nt
1153 861 1221 918 qnae
1240 861 1293 901 ore
1310 861 1373 902 cou-

164 925 318 1001 tingimus,
332 942 406 999 pura
420 928 519 980 mente
532 922 688 998 capiemus
732 922 791 981 Per
804 923 976 981 Dominum.

226 1020 321 1096 Super
336 1019 486 1096 populures.

227 1102 390 1159 Subveniat
422 1100 515 1172 nobis,
550 1120 726 1177 quaesumus,
763 1101 901 1172 Domine,
935 1101 1136 1160 misericordis
1169 1108 1233 1175 tua,
1266 1109 1304 1159 ut
1335 1102 1371 1160 ab

69 1210 71 1215 ·
165 1182 390 1241 imminentibus
410 1186 596 1258 peccatorum
618 1189 787 1239 nostrorum
810 1182 946 1258 periculis
963 1190 994 1242 te
1014 1202 1180 1241 mereamur
1199 1188 1372 1261 protegente

163 1265 248 1341 eripi,
263 1272 294 1322 te
307 1263 452 1321 liberante
466 1262 581 1320 salvari.
625 1262 683 1320 Per
697 1263 868 1321 Dominum.

644 1468 743 1526 anm
766 1469 892 1526 Tnnrm.

229 1576 369 1635 Oicium.

227 1579 291 1733 Figlio
304 1654 437 1726 clamavi,
453 1655 593 1731 quoniam
612 1655 760 1713 exaudisti
774 1674 830 1727 me,
845 1656 946 1728 Deus3
977 1656 1088 1715 inclina
1111 1676 1215 1715 aurem
1236 1662 1329 1728 tuam,
1339 1662 1368 1715 et

164 1739 275 1797 exaudi
290 1736 379 1795 verba
392 1756 476 1793 mee:
499 1736 615 1794 custodi
629 1756 685 1807 me,
700 1736 838 1809 Domine,
852 1743 888 1793 ut
901 1736 1045 1812 pupillum
1064 1738 1159 1796 oculi:
1188 1738 1247 1797 snb
1267 1737 1366 1797 umbra

165 1820 281 1877 alonim
293 1825 413 1875 tuarum
427 1823 546 1894 protege
561 1836 615 1874 me.

227 1916 374 1975 Psoimus.

226 1998 353 2070 Exaudi,
370 1996 507 2058 Domino,
518 1997 667 2072 justitiam
681 2016 796 2055 menm:
816 1996 939 2055 intende
952 1997 1188 2074 deprecationem
1202 2018 1305 2057 mecm.

228 2079 336 2137 Oratio.

227 2159 346 2216 Exaudi
359 2177 422 2230 nos,
437 2159 623 2234 om.2lpotens
636 2165 667 2216 et
680 2158 844 2216 misericors
858 2159 960 2233 Deus;
980 2166 1011 2217 et
1024 2160 1217 2218 continentiis
1235 2157 1359 2219 salutarit

166 2240 312 2317 propitius
326 2239 411 2296 nobis
424 2238 502 2296 dona
515 2239 647 2295 concede..
690 2238 749 2296 Per
764 2239 937 2297 Dominum.

228 2338 324 2395 Lectio
338 2336 407 2394 iibri
419 2336 533 2409 Repum
552 2335 589 2410 (4
611 2336 647 2393 ir.
665 2336 739 2411 i-i).

229 2419 267 2475 In
292 2417 395 2474 diebus
418 2416 486 2484 illis,
513 2415 625 2473 Mulier
648 2417 783 2492 quiedam
806 2438 897 2492 usquc
919 2418 960 2475 ud
983 2419 1078 2477 rende
1098 2419 1207 2493 oleum,
1229 2426 1262 2478 et
1282 2416 1350 2477 redde

164 2498 305 2557 creditori
319 2505 390 2555 tuo:
410 2502 446 2555 tu
459 2502 559 2554 antem
572 2503 603 2554 et
616 2496 672 2554 filii
685 2498 740 2569 tui,
756 2498 849 2556 vivito
863 2500 900 2556 de
913 2499 1034 2576 reliquo.

231 2594 363 2654 Grrtdule.

228 2678 280 2735 Ab
294 2675 416 2733 occultis
428 2675 501 2733 meis
514 2674 627 2732 munda
641 2695 696 2746 me,
712 2676 858 2734 Domine:
879 2684 910 2734 ct
923 2677 961 2734 ab
975 2678 1078 2735 alienis
1092 2698 1179 2755 parce
1192 2698 1274 2737 servo
1285 2683 1331 2735 tuo

172 2760 202 2817 V.
229 2759 261 2816 Si
275 2758 333 2816 mei
351 2777 411 2815 non
432 2756 545 2814 fuerint
564 2756 727 2815 dominati:
755 2765 828 2815 tunc
849 2758 1054 2816 immaculatus
1073 2779 1132 2832 ero,
1148 2767 1179 2818 et
1193 2757 1347 2819 emundetur

164 2861 185 2898 e
198 2840 305 2898 delicto
318 2838 456 2896 maximo.

227 2922 396 2979 Secu-rodum
409 2918 584 2976 Muttltaeuru
598 2918 695 2993 (mriii.
715 2920 829 2997 15-22).

227 3002 267 3058 In
289 3001 340 3058 illo
357 3008 498 3076 tempore,
520 3000 690 3076 Respiciens
712 3000 801 3058 Jesus
825 3002 857 3057 in
878 3000 1036 3078 discipulos
1059 3021 1136 3073 suos,
1158 3003 1239 3061 dixit
1258 2993 1345 3060 Simoni

168 3082 280 3139 Petro:
311 3082 343 3139 Si
364 3082 528 3158 peccaverit
550 3083 581 3138 in
604 3088 634 3137 tc
656 3081 748 3139 freter
769 3088 840 3139 tuus
862 3102 952 3156 usque
973 3084 1015 3139 ud
1036 3083 1107 3141 Non
1126 3084 1191 3142 dico
1209 3084 1346 3155 citiusque

167 3165 283 3239 septies,
297 3163 347 3219 sed
362 3182 454 3237 usque
468 3162 665 3238 septuagesies
679 3163 793 3239 septies.

232 3243 427 3316 Qfflirtoriuut.

230 3324 362 3380 Dextera
376 3323 499 3380 Domini
512 3321 583 3379 fecit
596 3323 740 3380 virtutem
754 3344 760 3381 :
783 3324 907 3382 dextera
921 3325 1043 3383 Domini
1058 3326 1206 3386 exaltavit
1220 3347 1281 3386 me:
1303 3336 1346 3381 non

170 3405 287 3475 moriar,
303 3404 353 3461 sed
367 3403 486 3460 tivum:
508 3410 539 3460 et
552 3404 678 3461 narrabo
692 3425 780 3480 opere
793 3406 924 3463 Domini

229 3485 348 3543 Secreta.

231 3567 290 3624 Per
303 3566 364 3623 haec
378 3566 488 3639 veniat,
504 3586 681 3643 quresumus,
696 3566 833 3639 Domine,
848 3574 1030 3626 sacramenta
1043 3576 1152 3628 nostue
1167 3560 1349 3648 redemptionis

172 3648 313 3705 effectus:
348 3648 400 3723 qui
423 3666 476 3704 nos
503 3653 533 3705 et
561 3648 599 3704 ab
625 3647 763 3704 humanis
786 3649 919 3706 retrahet
947 3669 1062 3727 semper
1085 3654 1259 3726 excessibus,
1281 3636 1349 3710 etl(¹

169 3728 311 3786 salutaria
324 3733 431 3785 cuncta
443 3729 592 3805 perducat.
635 3728 695 3786 Per
708 3729 879 3787 Dominum

232 3808 410 3868 Communia

231 3891 368 3960 Domine,
393 3888 459 3965 quis
481 3889 629 3948 habitabit
650 3891 682 3947 in
706 3890 896 3949 tabernaculo
916 3898 978 3966 tuo,
1000 3900 1054 3952 aut
1074 3895 1141 3972 quis
1160 3886 1351 3975 requiescetiss

170 3978 272 4029 monte
286 3978 386 4027 sancto
400 3973 474 4029 tnui
497 3971 550 4047 qui
563 3973 729 4049 ingreditur
743 3973 805 4029 sinc
827 3973 951 4048 macula,
977 3982 1008 4033 et
1022 3983 1162 4052 operatur
1177 3977 1319 4054 justitiam

230 4051 471 4110 Postoommunio.
1391 4064 1396 4133 ⁴:

231 4133 335 4205 Sacris,
351 4133 489 4205 Domine,
501 4133 649 4209 mysteriis
662 4134 785 4213 expiati,
797 4140 829 4192 et
838 4136 956 4194 veniam
970 4157 1185 4215 consequamur
1197 4147 1229 4200 et
1240 4135 1353 4219 gratiam·

171 4213 229 4272 Per
243 4214 414 4271 Dominum.

230 4296 325 4371 Super
339 4294 492 4372 populum

231 4377 296 4434 Tus
309 4396 371 4447 nos,
388 4376 524 4448 Domine,
537 4377 719 4453 protectione
732 4379 865 4456 defendo,
881 4386 912 4440 et
924 4380 962 4440 ab
981 4383 1063 4442 omni
1083 4403 1199 4464 semper
1217 4375 1366 4462 iniquitate

171 4457 293 4516 custodi
337 4458 395 4515 Per
408 4457 581 4516 Dominum.
