2804 4920
376 328 481 396 Fcrio
495 329 538 396 iv.
554 329 780 397 Hebdomade
795 330 935 398 Sosicles.
1140 409 1144 415 ¹
1216 335 1259 395 85

111 495 208 555 Lectio
221 495 320 555 Esaia
332 495 484 573 Prophetae
496 496 576 575 (lcii
595 496 641 569 11,
657 497 730 556 lxiii
748 495 821 577 1-7).

112 577 189 635 Haec
205 577 279 636 dicit
296 577 444 636 Dominus
467 578 568 651 Deus;
600 579 700 637 Dicite
722 578 790 636 filiae
814 578 907 637 Sion:
939 578 1015 636 Ecce
1038 577 1167 636 salvator
1189 582 1261 635 tuus
1301 578 1306 593 “

44 657 156 717 venit:
177 677 241 717 ecoe
254 678 365 717 merces
378 660 441 735 ejus
458 679 526 718 cum
544 679 578 719 eo
599 680 691 736 aeque
712 660 755 718 od
773 679 862 738 super
883 660 1022 718 omnibus
1037 678 1109 736 quae
1130 658 1262 717 reddidit

45 739 137 797 nobis
151 739 298 798 Dominus
312 740 395 799 Deus
406 747 515 799 noster.

112 819 246 879 Gradale.
927 882 931 892 ,

112 900 162 959 Ne
183 907 300 961 avertas
320 901 426 961 faciem
447 907 531 961 tuam
549 922 568 960 a
587 921 678 980 puero
698 908 760 974 tuo,
782 901 923 979 quoniam
944 901 1090 960 tribulor:
1121 900 1262 961 velociter
1287 934 1300 962 ο

48 982 162 1039 exaudi
182 1002 238 1042 me.
663 1025 666 1031 ·

56 1063 87 1121 V.
114 1062 239 1122 Salvum
251 1083 298 1123 me
312 1063 368 1136 fac,
383 1064 484 1122 Deus:
514 1063 655 1140 quoniam
668 1064 859 1122 intraverunt
870 1083 955 1140 aquae
969 1083 1062 1141 usque
1075 1063 1114 1122 ad
1131 1062 1262 1122 enimam

49 1163 166 1203 meam:
188 1144 298 1203 infixus
311 1165 377 1203 sum
392 1146 424 1202 in
438 1144 509 1203 limo
523 1145 683 1223 profundi:
697 1152 728 1203 et
741 1164 802 1202 non
816 1151 862 1202 est
874 1145 1049 1203 substantia

112 1225 255 1302 Sequitur
269 1226 416 1285 Dominus
430 1227 590 1286 vobiscum.
624 1226 759 1299 Oremus,
775 1234 800 1284 et
813 1225 982 1285 Flectnmus
994 1245 1098 1304 genua
1141 1225 1261 1284 Ievate.

115 1307 227 1366 Oratis.
1247 1334 1250 1341 ·

114 1388 206 1459 Deus,
223 1388 276 1465 qui
296 1407 349 1464 pro
362 1388 448 1445 nobis
467 1388 579 1446 Filium
598 1394 686 1446 tuum
707 1388 802 1446 crucis
822 1387 989 1464 patibulum
1009 1387 1108 1445 subire
1128 1386 1260 1459 voluisti,

52 1473 88 1525 ιιι
103 1468 219 1526 inimici
232 1487 251 1525 a
263 1469 349 1527 nobis
363 1469 524 1546 expelleres
537 1475 735 1546 potestatem
766 1468 891 1527 concede
912 1469 998 1527 nobis
1014 1468 1133 1527 famulis
1149 1468 1211 1526 tuis
1225 1473 1262 1526 ut

52 1549 278 1608 resurrectionis
290 1549 415 1627 gloriam
428 1569 648 1627 consequemur.
691 1549 751 1609 Per
763 1549 890 1608 eundem
903 1549 1075 1608 Dominum.

112 1630 174 1689 Hie
187 1631 328 1689 dicantur
340 1631 485 1689 owenoiiae
499 1640 644 1690 menete.

113 1727 212 1786 Lectio
225 1727 324 1785 Esaia
337 1727 489 1803 Proplieice
502 1728 575 1804 (liii.
594 1727 670 1799 1-10,
688 1727 751 1806 12).

114 1809 155 1866 In
169 1808 273 1866 diebus
286 1808 355 1880 illis,
370 1807 460 1866 Dixit
474 1809 595 1867 Esaias:
626 1808 763 1880 Domine,
779 1808 846 1884 quis
859 1808 984 1866 credidit
1004 1809 1122 1866 auditui
1141 1809 1263 1866 nostrol

57 1909 145 1965 suqzce
167 1891 209 1947 od
230 1889 263 1946 in
284 1909 390 1947 manus
413 1890 477 1965 ejus
501 1889 667 1965 dirigetur;
696 1909 750 1966 pro
775 1909 809 1948 eo
830 1889 909 1966 quod
931 1889 1057 1947 tradidit
1079 1889 1112 1946 in
1135 1895 1263 1946 mortem

57 1972 184 2028 animam
197 1990 281 2028 suam
288 1989 297 2044 3
313 1976 425 2028 etcum
438 1970 585 2028 sceleratis
599 1976 755 2047 reputatus
769 1976 831 2042 est3
847 1976 878 2027 et
891 1971 953 2046 ipse
966 1977 1085 2048 peccata
1097 1970 1262 2027 multorum

57 2051 132 2122 tulit,
159 2057 191 2109 et
213 2071 268 2128 pro
291 2052 556 2130 transgressoribus
576 2051 701 2128 rogavit,
716 2059 753 2108 nt
772 2071 833 2109 non
854 2052 994 2127 perirent

116 2133 250 2190 Tractus.

114 2213 254 2285 Domine,
269 2212 554 2282 exaudiorationem
568 2232 682 2271 meam:
702 2219 734 2271 et
747 2213 857 2271 clamor
869 2232 953 2271 meus
965 2213 1004 2271 ad
1017 2219 1048 2271 te
1060 2212 1169 2271 veniat.

62 2291 89 2352 V.
116 2294 166 2352 Ne
179 2301 296 2352 avertes
310 2293 414 2353 faciem
429 2300 513 2352 tuam
526 2314 545 2352 a
558 2313 625 2353 me:
652 2294 685 2351 in
699 2314 875 2372 quacunque
888 2294 936 2352 die
949 2293 1086 2368 tribulor,
1100 2293 1212 2352 inclina
1224 2292 1263 2350 sd

58 2392 102 2434 me
115 2394 219 2433 aurem
233 2381 324 2432 tuam.

60 2454 89 2515 V.
116 2456 155 2513 In
169 2452 345 2533 quacunque
358 2455 406 2514 die
419 2456 595 2514 invocavero
608 2461 656 2514 te:
677 2456 818 2514 velociter
831 2455 939 2514 exaudi
952 2475 1008 2514 me.

57 2534 88 2595 V.
115 2537 195 2607 Quia
208 2537 379 2595 defecerunt
392 2538 469 2595 sicut
482 2537 582 2595 fumus
595 2537 657 2594 dies
670 2538 747 2596 mei:
777 2544 808 2595 et
829 2557 894 2595 ossa
913 2556 980 2595 mea
1000 2537 1077 2596 sicut
1090 2537 1124 2595 in
1136 2535 1262 2594 frixorio

48 2619 193 2679 confrixa
211 2625 290 2676 sunt.

51 2695 96 2758 V..
115 2699 277 2757 Percussus
289 2718 356 2756 sum
369 2699 446 2757 siout
459 2698 579 2771 faenum,
596 2706 628 2757 et
647 2700 729 2757 aruit
751 2719 801 2758 cor
822 2718 943 2758 meum:
972 2698 1044 2776 quia
1064 2697 1175 2756 oblitus
1196 2717 1263 2755 sum

40 2780 233 2838 manducare
246 2799 351 2856 panem
367 2799 473 2839 meum.

45 2856 88 2919 V.
114 2862 162 2918 Tu
176 2880 344 2938 exsurgens,
359 2860 496 2932 Domine,
506 2861 689 2920 misereberis
704 2861 790 2919 Sion:
805 2860 875 2937 quia
884 2860 968 2918 venit
978 2866 1095 2936 tempus
1105 2859 1264 2917 miserendi

32 2957 68 2996 e
82 2962 126 3000 ua

30 2963 80 3160 ll
114 3023 220 3081 Passio
236 3021 362 3081 Domini
377 3023 472 3082 nostri
489 3022 563 3084 Jesu
576 3021 694 3084 Christi.
740 3021 909 3082 Seoueulum
932 3021 1045 3080 Laecam
1066 3020 1154 3100 (scii
1178 3020 1262 3080 miii

115 3105 156 3242 lir
169 3184 222 3242 illo
241 3189 381 3262 tempore,
397 3184 668 3262 Appropinquabat
688 3191 788 3243 autem
808 3183 871 3243 dies
891 3184 984 3242 festus
1004 3184 1199 3261 Arymornm,
1213 3183 1266 3261 qui

20 3261 167 3325 dicitur
181 3265 295 3324 Pascha
307 3285 398 3341 usquc
411 3267 453 3324 od
466 3266 567 3343 (cciii.
584 3268 641 3346 45)
655 3272 686 3324 et
699 3266 799 3324 velum
812 3265 918 3343 templi
930 3266 1052 3324 scissum
1066 3270 1112 3324 est
1124 3264 1263 3323 medium.

28 3344 97 3404 Ei
118 3367 185 3405 mm
205 3346 313 3404 deserit
326 3346 479 3405 Dioooaas
492 3347 604 3406 Velum
624 3348 731 3424 templi
749 3347 872 3405 scissum
894 3353 947 3419 est,
967 3346 1063 3405 υσίιωη
1084 3355 1152 3405 acte
1173 3347 1266 3405 altore

21 3428 153 3487 cedere
162 3428 361 3504 permittatis.
404 3427 447 3486 Ει
459 3427 589 3485 clamans
602 3447 674 3487 voce
688 3448 794 3506 magna
808 3429 830 3486 J
831 3447 897 3487 esus
916 3429 960 3486 ait
973 3449 980 3486 τ
1002 3428 1100 3501 Pater,
1114 3428 1147 3485 in
1160 3447 1266 3485 manus

25 3507 123 3567 tuas
144 3508 317 3567 commendo
331 3508 478 3586 'spiritum
500 3528 608 3569 meum.
655 3510 697 3567 Et
717 3509 780 3567 haec
801 3508 909 3583 dicens,
933 3509 1091 3588 expiravit.
1132 3508 1192 3567 Hic
1205 3511 1266 3585 fiat

16 3590 222 3664 yoniam,
237 3589 377 3651 desum:

256 3706 347 3768 Pater
360 3713 469 3768 noster.
513 3709 583 3767 Ave
597 3708 702 3767 Maria
745 3709 786 3767 In
800 3728 905 3767 manus
919 3713 994 3769 tuas.

37 3808 99 3886 (o.
114 3815 170 3891 46).
206 3815 325 3874 Videns
337 3820 440 3874 autem
454 3816 589 3875 centurio
597 3836 688 3893 usque
698 3815 739 3874 od
752 3815 892 3874 mulieres
905 3835 971 3894 quae
981 3820 1089 3875 secutae
1102 3820 1264 3874 eranteum

37 3908 83 3948 a
95 3893 210 3955 Galilrea
222 3897 286 3955 haee
299 3895 445 3954 videntes.

118 3977 328 4054 (annqeiium
339 3978 422 4036 cxciii
439 3977 554 4057 50-53).

120 4057 158 4116 Et
181 4079 247 4119 ecce
270 4059 319 4116 vir
341 4058 461 4117 nomine
484 4058 506 4117 J
508 4059 606 4135 oseph‚
627 4058 680 4136 qui
700 4065 765 4117 erat
784 4058 912 4132 decurio,
933 4058 982 4117 vir
1000 4058 1095 4117 bonus
1114 4064 1146 4117 et
1161 4057 1263 4135 justus

47 4147 147 4211 usque
159 4141 199 4198 ad
212 4140 246 4197 in
258 4158 319 4217 quo
331 4140 466 4198 nondum
480 4141 637 4218 quisquam
650 4140 765 4218 positus
778 4140 884 4200 fuerat.

122 4219 309 4294 Offenorimn.

122 4297 254 4440 ἓὲνιιιὶιιο,
270 4301 379 4361 exaudi
392 4301 556 4361 orationem
570 4322 686 4361 meam:
709 4307 741 4361 et
753 4302 864 4361 clamor
877 4322 960 4360 meus
972 4301 1011 4361 ad
1024 4307 1054 4360 te
1067 4299 1228 4379 perveniat

125 4391 247 4524 Purili'cd
273 4482 338 4539 nos,
364 4463 530 4524 misericors
557 4465 650 4540 Deus,
675 4471 711 4524 ιιι
738 4465 865 4524 ecclesiae
892 4471 952 4522 tuae
978 4446 1087 4541 preces,
1113 4483 1179 4541 qus
1206 4463 1265 4522 tibi
