2804 4920
434 326 542 393 Hebd.
557 348 587 392 e.
605 326 886 414 Quodreqeaimoe.
1219 334 1261 402 77

115 494 212 554 meo
226 493 362 554 Danielis
374 493 527 571 Prophetae
538 495 602 573 (iii.
619 495 707 554 34-45
712 494 737 586 ).
778 493 952 574 (Omrticam
968 495 1074 556 Trium
1087 497 1260 570 Puerorum,

55 575 176 714 1221?
183 655 287 714 diebus
310 656 378 727 illis,
407 655 513 715 Oravit
540 656 649 715 Daniel
676 657 776 716 dicens
785 677 794 730 ;
828 658 957 716 Domine
985 658 1067 717 Deus
1094 659 1196 732 Israel,
1225 679 1263 718 ne

52 737 199 815 despicies
216 737 360 815 populum
380 743 477 808 tuum,
504 756 601 815 neque
627 738 741 797 auferas
768 739 995 798 misericordiam
1024 747 1107 798 tuam
1134 761 1152 798 a
1178 741 1264 799 nobis

52 839 145 895 arsque
158 819 201 876 ad
215 818 255 877 Et
275 819 371 877 sciant
391 819 463 895 quia
482 822 518 876 tu
538 838 568 877 es
589 818 736 878 Dominus
757 819 839 879 Deus
860 819 949 893 solus,
963 827 994 879 et
1013 820 1156 898 gloriosus
1176 841 1264 899 super

54 919 174 958 omnem
187 906 305 973 terram,
321 899 450 959 Domine
463 898 546 957 Deus
559 906 665 958 noster.

118 979 253 1039 Grodole.

117 1060 226 1155 Tollite
240 1060 360 1133 hostias,
374 1066 405 1120 et
424 1061 548 1119 introite
560 1061 594 1119 in
610 1061 687 1120 atria
707 1063 791 1139 ejus:
820 1062 941 1121 adorate
960 1062 1125 1123 Dominum
1144 1063 1177 1121 in
1197 1064 1265 1123 aula

56 1148 276 1317 linei-tibiillibit
297 1223 446 1282 Dominus
479 1223 644 1284 condensa:
685 1228 717 1281 et
743 1223 776 1281 in
803 1224 914 1301 templo
941 1225 1005 1301 ejus
1031 1245 1132 1284 omnes
1165 1225 1266 1285 dieent

54 1304 285 1444 glorfflmdwm
298 1384 411 1444 lucam
424 1384 492 1462 (eii
509 1385 624 1459 36-50).

118 1465 159 1524 In
171 1466 225 1524 illo
237 1472 378 1543 tempore,
394 1465 532 1543 Rogabat
544 1466 566 1524 J
567 1485 650 1524 esum
663 1465 785 1543 quidam
798 1466 835 1525 de
849 1466 1005 1525 Pharisaeis
1018 1472 1059 1526 ut¹
1074 1467 1266 1526 manducaret

53 1567 126 1607 cum
138 1547 192 1606 illo
205 1566 296 1642 aspere
309 1549 349 1605 od
369 1547 459 1606 Fides
470 1553 525 1606 tua
536 1552 569 1606 te
582 1547 691 1605 salvam
706 1547 785 1621 fecit,
800 1547 875 1606 vade
888 1547 921 1605 in
933 1567 1015 1626 pace.

119 1629 352 1787 gffffiffim
366 1709 535 1785 Babylonis,
550 1709 613 1767 illio
631 1710 759 1768 sedimus
779 1715 810 1768 et
829 1709 982 1768 flevimus:
1012 1710 1084 1769 dum
1103 1711 1267 1770 recordare-

56 1789 435 1945 {urfisseilssubomine'
451 1872 581 1930 filiorum
595 1871 708 1931 Edem:
728 1872 762 1929 in
775 1871 824 1930 die
837 1871 1035 1932 Hierusalem.

119 1954 251 2093 Dedrsse
264 2034 346 2092 Deus
360 2039 468 2105 noster,
484 2032 582 2111 quiin
595 2033 642 2090 his
662 2033 760 2110 potius
781 2033 931 2105 creaturis,
947 2053 1019 2110 quas
1038 2034 1076 2091 ad
1096 2034 1268 2111 fragilitatis

57 2122 168 2174 nostrae
182 2114 347 2173 subsidium
359 2115 525 2188 condidisti,
540 2120 592 2172 tuo
607 2134 723 2191 quoque
737 2115 852 2172 nomini
869 2135 993 2173 munera
1007 2115 1125 2191 jussisti
1143 2115 1267 2174 dicanda

57 2196 203 2256 constitui
214 2216 223 2269 ;
255 2196 362 2269 tribue,
383 2215 559 2273 quaesumus,
581 2203 617 2253 ut
637 2202 668 2252 et
687 2196 757 2252 vitae
778 2195 863 2252 nobis
882 2198 1036 2273 praesentis
1055 2196 1211 2269 auxilium,
1237 2205 1268 2255 et

57 2278 237 2338 aeternitatis
250 2277 380 2335 efficiant
393 2281 618 2335 sacramentum.
661 2275 720 2333 Per
733 2276 905 2335 Dominum.

120 2372 382 2514 giognnibmtiiorerbi
402 2454 451 2512 tui
470 2473 555 2512 servo
576 2459 638 2526 tuo,
662 2453 799 2528 Domine,
814 2453 847 2511 iu
868 2474 927 2531 quo
947 2454 1022 2512 mihi
1041 2475 1123 2532 spem
1143 2454 1267 2513 dedisti:

57 2536 123 2595 haec
137 2556 185 2594 me
199 2535 349 2595 consolata
362 2540 406 2594 est
419 2537 452 2592 iu
465 2534 635 2593 humilitate
648 2554 719 2593 mea.

120 2632 365 2692 Poatcommunio.

121 2713 211 2784 Quod
233 2733 283 2770 ore
304 2713 490 2790 sumpsimus,
506 2713 643 2785 Domine,
658 2732 732 2789 pura
752 2718 852 2770 mente
872 2712 1031 2789 capiamus,
1046 2712 1127 2772 etde
1147 2730 1269 2769 munere

57 2795 218 2873 temporali
231 2795 285 2852 fiat
298 2795 383 2852 nobis
396 2795 558 2852 remedium
573 2794 792 2871 sempiternum.
836 2794 895 2851 Per
908 2793 1079 2851 Dominum.

121 2891 219 2968 Super
237 2892 389 2968 poptdum

122 2973 206 3044 Esto,
222 2992 399 3050 quaesumus,
416 2971 553 3044 Domine,
568 2970 715 3049 propitius
728 2970 810 3048 plebi
822 2976 900 3029 tuae:
928 2977 964 3028 ut
977 2991 1042 3046 quae
1056 2971 1113 3029 tibi
1130 2990 1191 3028 non
1211 2969 1271 3048 pla·

57 3060 303 3195 ggfigsffiirli
331 3059 452 3111 tuorum
478 3053 578 3132 potius
605 3053 755 3131 repleatur
782 3052 1027 3110 delectationibus
1054 3052 1268 3111 mandatorum.

542 3289 644 3348 Fama
685 3290 797 3350 Sexus.

127 3397 269 3472 Officium.

122 3478 268 3537 Miserere
282 3476 366 3550 mihi,
381 3475 518 3549 Domine,
534 3476 675 3554 quoniam
689 3476 834 3535 tribulor:
854 3476 947 3535 libera
960 3496 1015 3548 me,
1030 3483 1060 3535 et
1081 3477 1161 3554 eripe
1174 3495 1222 3534 me
1235 3475 1272 3534 de

60 3559 202 3619 manibus
225 3559 414 3617 inimicorum
435 3577 577 3630 meorum,
601 3563 632 3616 et
653 3577 672 3615 a
693 3558 935 3635 persequentibus
956 3577 1020 3617 me:
1050 3558 1187 3631 Domine,
1211 3576 1272 3617 uon

61 3640 237 3712 confundar,
253 3641 394 3715 quoniam
406 3639 545 3698 invocavi
556 3647 601 3701 te..

123 3721 271 3779 Paulinus.

124 3801 165 3860 Iu
178 3808 219 3876 te,
233 3801 373 3876 Domine,
387 3802 521 3880 speravi:
541 3821 601 3861 uon
615 3801 778 3860 confundar
790 3799 825 3859 iu
837 3807 1002 3874 aeternum3
1031 3801 1063 3858 in
1079 3801 1200 3877 justitia
1220 3805 1273 3857 tua

64 3883 160 3942 libera
179 3902 240 3946 me.

128 3964 238 4024 Oratio.

127 4044 274 4104 Gordibus
294 4045 413 4117 nostris,
429 4065 606 4123 quaesumus,
621 4045 759 4115 Domine,
774 4045 920 4103 auxilium
939 4044 1041 4122 gratias
1055 4050 1115 4102 tuae
1128 4043 1273 4119 benignus

68 4125 210 4200 iufunde;
232 4132 268 4184 ut
282 4133 403 4204 peccata
415 4133 517 4185 nostra
536 4127 730 4204 castigatione
747 4127 917 4184 voluntaria
937 4125 1115 4197 cohibentes,
1130 4130 1274 4199 tempora·

68 4206 138 4299 liter
155 4207 255 4284 potius
274 4227 466 4282 maceremur,
486 4227 576 4285 quam
595 4208 746 4286 suppliciis
770 4208 947 4285 deputemur
969 4206 1093 4264 aeternis
1136 4204 1196 4264 Per
1216 4203 1275 4261 Do

71 4305 227 4429 unffi&
239 4369 397 4430 Hieremia
411 4370 561 4448 Prophetae
574 4369 660 4448 (xvii.
678 4369 788 4448 13-18).

132 4449 173 4508 In
181 4449 284 4512 diebus
293 4451 361 4527 illis,
372 4451 463 4512 Dixit
473 4451 642 4512 Hieremiae
649 4473 660 4528 3
681 4452 817 4526 Domine,
829 4470 929 4509 omnes
943 4449 996 4528 qui
1010 4455 1041 4508 te
1054 4447 1266 4526 derelinquunt
