2804 4920
420 371 525 439 chd.
547 371 573 438 τ’,
599 370 879 457 Quadrupeac'mae.

109 539 256 598 Pselmua.
803 587 806 593 .

109 619 162 677 Ad
176 627 207 677 te
220 620 316 678 levavi
329 619 429 678 oculos
442 640 521 679 meos
535 643 542 680 :
564 621 616 698 qui
630 620 746 679 habitas
759 620 792 677 in
805 619 890 679 caelia

111 701 221 759 Oratio.

112 782 260 840 Converte
273 801 335 853 nos,
351 782 434 840 Deus
447 782 584 840 salutaris
599 788 716 841 noster:
737 789 768 840 et
785 788 820 839 ut
838 781 987 859 jejunium
1005 781 1254 859 quadragesimale

48 862 284 938 nobisproficiat,
291 870 403 921 mentes
410 869 526 921 nostras
534 864 697 921 caelestibus
705 864 819 921 instrue
827 863 996 940 disciplinis.
1014 862 1072 920 Per
1079 862 1251 920 Dominum.

111 944 253 1020 Epistola.
295 944 391 1002 Lectio
405 944 560 1003 Ezechielis
573 944 723 1020 Prophetae
742 944 854 1021 (eoric.
874 945 986 1022 11-16).

112 1025 188 1083 Haec
201 1024 275 1083 dicit
288 1025 436 1083 Dominus
449 1026 532 1084 Deus
543 1047 550 1084 :
571 1026 646 1083 Ecce
659 1045 713 1102 ego
726 1026 788 1101 ipse
806 1024 954 1102 requirem
975 1045 1045 1083 oves
1064 1045 1144 1082 meas
1164 1045 1255 1100 usque

51 1107 92 1164 ed
105 1113 137 1164 et
149 1125 266 1182 pascam
279 1105 346 1163 illas
359 1106 392 1163 in
401 1107 514 1183 judicio
528 1113 559 1165 et
568 1106 695 1183 justitie,
711 1105 784 1164 dicit
797 1106 946 1165 Dominus
959 1107 1151 1182 omnipotens

113 1268 270 1325 Protector
282 1274 391 1339 noster,
407 1268 511 1344 aspice,
528 1268 626 1326 Deus:
649 1275 681 1325 et
693 1267 804 1344 respice
817 1287 906 1345 super
919 1287 1017 1325 servos
1030 1275 1105 1327 tuos.

61 1348 88 1405 V.
114 1349 244 1407 Domine
257 1349 341 1406 Deus
354 1349 501 1407 virtutum
514 1370 521 1407 ε
543 1349 652 1406 exaudi
665 1368 764 1425 preces
777 1368 928 1406 servorum
941 1356 1069 1406 tuorum.

115 1430 245 1487 Tractus.
289 1430 428 1507 Dignera
443 1431 589 1500 Domine;
609 1430 657 1487 die
671 1431 728 1487 isto
741 1430 804 1487 aine
818 1437 935 1506 peccato
950 1449 1002 1487 nos
1015 1430 1169 1494 custodire.

60 1510 87 1568 V.
112 1510 254 1568 Miserere
268 1511 369 1576 nostri,
384 1512 520 1582 Domine,
536 1511 672 1568 miserere
686 1511 795 1568 nostri:
819 1529 856 1568 ne
866 1530 1026 1586 pereamus

61 1591 89 1650 V.
113 1591 184 1649 Fiat
201 1591 400 1650 misericordia
416 1598 476 1665 tua,
494 1591 631 1664 Domine,
646 1612 734 1668 super
754 1611 828 1649 nos:
859 1592 1108 1669 quemadmodum
1128 1591 1257 1670 speravi·

55 1693 121 1729 mus
134 1673 168 1729 in
181 1680 219 1731 te.

62 1753 92 1812 V.
115 1754 154 1811 In
169 1760 208 1825 te,
224 1753 360 1825 Domine,
375 1755 510 1830 speravi:
533 1773 594 1812 non
607 1753 771 1811 confundar
784 1754 816 1810 in
830 1760 982 1811 aeternum.

114 1833 175 1892 Iste
190 1835 314 1893 Tractus
326 1836 437 1894 dicitur
450 1835 575 1910 qualibet
588 1835 677 1893 Feriis
690 1836 816 1892 secunda
828 1855 918 1910 aisque
932 1837 973 1892 ad
985 1834 1107 1894 Pascha.
1184 1831 1191 1846 ⁹

115 1915 207 1973 Ferio
220 1926 335 1991 quarta.
380 1916 510 1974 Tractus.

116 1996 165 2055 De
178 1997 401 2055 necessitatibus
414 1998 487 2054 meis
501 1998 581 2073 eripe
594 2016 650 2067 me,
661 1995 807 2054 Domine:
824 1995 891 2053 vide
905 1996 1105 2054 humilitatem
1119 2016 1213 2055 meam
1228 2002 1259 2054 ct

56 2079 188 2136 laborem
201 2098 308 2147 meum,
324 2088 354 2136 et
368 2078 487 2136 dimitte
500 2078 600 2135 omnia
612 2084 731 2154 peccata
745 2096 816 2134 mea.

62 2159 91 2216 V.
114 2158 167 2216 Ad
182 2167 213 2217 te
226 2159 364 2231 Domine,
378 2159 476 2217 levavi
489 2159 618 2216 aminam
634 2177 748 2230 meam,
767 2158 801 2215 in
814 2163 845 2215 te
858 2157 989 2216 confido:
1009 2177 1070 2215 non
1080 2158 1257 2232 erubescam,

56 2259 153 2318 neque
167 2241 310 2299 irrideant
323 2260 370 2298 me
383 2240 497 2298 inimici
511 2239 576 2296 mei.

62 2322 92 2380 V.
115 2321 237 2380 Etenim
257 2321 388 2380 universi
408 2321 460 2398 qui
476 2327 507 2378 te
524 2325 682 2396 expectant
700 2339 762 2377 non
782 2318 1018 2377 confundentur:
1040 2321 1260 2380 confundantur

56 2422 158 2461 omnes
172 2403 312 2460 facientes
326 2402 411 2459 mala.

116 2483 177 2542 Istc
193 2484 317 2542 Tractus
330 2484 440 2541 dicitur
453 2481 577 2558 quaelibet
587 2480 677 2539 Feria
686 2491 795 2558 μανία
804 2501 894 2557 aeque
904 2482 945 2539 ad
955 2481 1065 2541 Bomos
1074 2483 1257 2543 Palinurum.

116 2565 208 2623 Fcria
221 2573 307 2623 sexta.
352 2564 482 2621 Tractus.

118 2645 255 2717 Domine,
272 2664 332 2703 non
346 2644 506 2702 secuudum
520 2650 639 2720 peccata
652 2650 752 2701 nostra
762 2663 827 2720 quae
838 2643 960 2701 fecimus
970 2663 1023 2702 nos
1034 2665 1042 2716 ;
1055 2664 1152 2720 neque
1162 2665 1262 2703 secun·

59 2726 129 2785 dum
143 2726 317 2802 iniquitates
330 2734 446 2783 nostras
460 2725 590 2783 retribue
604 2725 694 2782 nobis.
739 2724 876 2796 Domine,
888 2744 926 2782 ne
940 2725 1109 2783 memineris
1123 2726 1262 2802 iniquita·

59 2817 124 2866 tum
136 2816 306 2866 nostrarum
319 2808 528 2882 antiquarum:
549 2806 608 2863 cito
629 2805 792 2881 anticipent
812 2824 866 2862 nos
883 2805 1087 2863 misericordiae
1108 2812 1176 2878 tuae,
1191 2807 1263 2882 quia

59 2909 201 2966 pauperes
215 2888 287 2945 facti
300 2907 401 2945 sumus
415 2887 510 2944 nimis

68 2970 95 3028 V.
117 2970 242 3045 Adjuva
262 2988 316 3026 nos
337 2969 419 3027 Deus
439 2967 576 3024 salutaris
596 2973 703 3038 noster,
726 2973 757 3024 et
776 2972 897 3042 propter
915 2965 1039 3042 gloriam
1063 2967 1192 3025 nominis
1216 2967 1262 3025 tui

61 3051 151 3108 libera
165 3070 237 3107 nos:
259 3056 290 3108 et
303 3050 449 3126 propitius
463 3055 526 3105 esto
539 3048 665 3124 peccatis
679 3048 787 3104 nostris
801 3053 920 3124 propter
933 3067 1041 3105 nomen
1055 3054 1148 3106 tuum.

118 3132 180 3189 Hic
195 3131 320 3188 Tractus
332 3131 443 3189 dicitur
455 3129 489 3186 in
503 3129 584 3187 omni
598 3128 686 3186 Fata
699 3137 778 3186 saeta
790 3148 880 3203 usqrce
893 3129 934 3186 ad
954 3128 1063 3187 Bomos
1076 3129 1261 3201 Potniai-mn,

63 3222 87 3270 ct
99 3214 171 3270 dum
192 3212 295 3270 Versata
306 3211 429 3287 Adjuva
442 3229 496 3268 nos
510 3210 627 3280 dicum,
635 3212 695 3284 fiat
704 3209 870 3284 prostratio.

119 3293 290 3353 &cundum
303 3292 477 3349 Mattlcaeum
497 3290 577 3366 (cxcv.
595 3289 709 3365 31-46).

120 3375 160 3432 In
187 3374 241 3431 illo
269 3379 408 3449 tempore,
435 3372 525 3429 Dixit
548 3371 570 3428 J
571 3390 637 3428 esus
664 3370 816 3446 discipulis
833 3369 912 3428 suis:
936 3370 1013 3428 Cum
1034 3372 1148 3431 venerit
1169 3373 1264 3430 Filius

67 3453 188 3512 hominis
201 3455 235 3512 in
249 3455 402 3530 majestate
423 3472 475 3510 sua
496 3472 586 3526 usquc
606 3452 647 3509 ad
668 3450 709 3509 Et
721 3452 810 3508 ibunt
822 3451 855 3509 hi
868 3451 900 3509 in
914 3452 1092 3528 supplicium
1105 3462 1263 3511 aeternum:

67 3536 134 3610 justi
146 3542 248 3594 autem
261 3535 294 3592 in
309 3535 402 3591 vitam
415 3540 565 3590 aeternam.

123 3615 315 3692 offertorium.

123 3698 242 3756 Icvabo
256 3696 356 3754 oculos
369 3715 449 3753 meos
463 3700 494 3752 et
507 3693 695 3751 considerabo
709 3692 856 3750 mirabilia
869 3699 930 3764 tua,
947 3693 1084 3765 Domine,
1106 3700 1141 3753 ut
1163 3695 1265 3754 doceas

75 3793 112 3836 me
120 3779 271 3855 justitiam
284 3785 367 3835 tuam
377 3796 386 3849 ς
407 3776 446 3834 da
458 3775 533 3833 mihi
546 3774 740 3847 intellectum,
761 3780 797 3831 ut
818 3774 929 3833 discam
942 3776 1082 3833 mandata
1095 3783 1154 3833 tua.

124 3860 243 3919 Secreta.

126 3939 260 4012 Munera,
275 3938 413 4010 Domine,
429 3937 529 3995 oblata
548 3936 706 4009 sanctifica,
722 3955 833 4012 nosque
853 3955 871 3994 a
890 3943 1078 4014 peccatorum
1097 3944 1267 3995 nostrorum

80 4022 185 4079 maculis
198 4020 335 4079 emunda.
369 4019 429 4077 Per
439 4018 610 4077 Dominum.

129 4101 307 4160 Oovramurrio.

129 4181 207 4241 Voce
220 4202 287 4240 mea
299 4181 337 4239 ad
360 4181 523 4239 Dominum
540 4179 673 4251 clamavi,
696 4186 726 4237 et
747 4179 901 4237 exaudivit
921 4199 968 4238 me
988 4180 1024 4238 de
1045 4187 1145 4239 monte
1166 4188 1268 4238 sancto

85 4275 140 4320 suo:
157 4284 215 4322 non
229 4263 341 4321 timebo
354 4263 449 4320 millia
462 4262 563 4340 populi
578 4260 786 4319 circumdantia
800 4280 855 4319 me.

134 4343 367 4404 Poetoommumb.

136 4422 271 4485 Salutaris
291 4425 346 4497 tui,
362 4425 498 4497 Domine,
515 4443 637 4482 munere
657 4423 760 4480 satiati
779 4423 924 4499 supplices
944 4441 1108 4496 exoramus,
1127 4431 1165 4483 ut
1185 4425 1270 4501 eujus

89 4493 202 4566 latina
213 4513 304 4587 gustu
317 4526 494 4565 renovemur
507 4506 620 4564 effectu.
663 4504 723 4562 Per
736 4505 908 4563 Dominum.
