<?xml version="1.0" encoding="UTF-8"?>
<!DOCTYPE html PUBLIC "-//W3C//DTD XHTML 1.0 Transitional//EN"
    "http://www.w3.org/TR/xhtml1/DTD/xhtml1-transitional.dtd">
<html xmlns="http://www.w3.org/1999/xhtml" xml:lang="en" lang="en">
 <head>
  <title>
</title>
<meta http-equiv="Content-Type" content="text/html;charset=utf-8" />
  <meta name='ocr-system' content='tesseract 3.04.00' />
  <meta name='ocr-capabilities' content='ocr_page ocr_carea ocr_par ocr_line ocrx_word'/>
</head>
<body>
  <div class='ocr_page' id='page_1' title='image "./missaleadusumpe00churgoog_0396.png"; bbox 0 0 2804 4920; ppageno 0'>
   <div class='ocr_carea' id='block_1_1' title="bbox 281 340 554 410">
    <p class='ocr_par' dir='ltr' id='par_1_1' title="bbox 281 340 554 410">
     <span class='ocr_line' id='line_1_1' title="bbox 281 340 554 410; baseline 0.004 -2"><span class='ocrx_word' id='word_1_1' title='bbox 281 341 378 408; x_wconf 81' lang='lat' dir='ltr'><strong>Festa</strong></span> <span class='ocrx_word' id='word_1_2' title='bbox 401 340 554 410; x_wconf 67' lang='lat' dir='ltr'><strong>odota.</strong></span> 
     </span>
    </p>
   </div>
   <div class='ocr_carea' id='block_1_2' title="bbox 213 509 711 4552">
    <p class='ocr_par' dir='ltr' id='par_1_2' title="bbox 213 509 711 4552">
     <span class='ocr_line' id='line_1_2' title="bbox 216 509 535 586; baseline 0 -18"><span class='ocrx_word' id='word_1_3' title='bbox 216 509 370 568; x_wconf 80' lang='lat' dir='ltr'><strong>Gallorum</strong></span> <span class='ocrx_word' id='word_1_4' title='bbox 384 509 535 586; x_wconf 85' lang='lat' dir='ltr'><strong>apostolus</strong></span> 
     </span>
     <span class='ocr_line' id='line_1_3' title="bbox 257 589 567 662; baseline 0 -14"><span class='ocrx_word' id='word_1_5' title='bbox 257 589 391 648; x_wconf 82' lang='lat' dir='ltr'><strong>Venerat</strong></span> <span class='ocrx_word' id='word_1_6' title='bbox 404 590 567 662; x_wconf 78' lang='lat' dir='ltr'><strong>Lutetiam,</strong></span> 
     </span>
     <span class='ocr_line' id='line_1_4' title="bbox 216 671 603 741; baseline 0 -13"><span class='ocrx_word' id='word_1_7' title='bbox 216 671 314 741; x_wconf 84' lang='lat' dir='ltr'><strong>Quam</strong></span> <span class='ocrx_word' id='word_1_8' title='bbox 328 672 448 730; x_wconf 86' lang='lat' dir='ltr'><strong>tenebat</strong></span> <span class='ocrx_word' id='word_1_9' title='bbox 461 671 603 729; x_wconf 91' lang='lat' dir='ltr'><strong>subdolus</strong></span> 
     </span>
     <span class='ocr_line' id='line_1_5' title="bbox 256 752 646 830; baseline 0.003 -20"><span class='ocrx_word' id='word_1_10' title='bbox 256 752 363 810; x_wconf 84' lang='lat' dir='ltr'><strong>Hostis</strong></span> <span class='ocrx_word' id='word_1_11' title='bbox 376 752 474 810; x_wconf 89' lang='lat' dir='ltr'><strong>sedem</strong></span> <span class='ocrx_word' id='word_1_12' title='bbox 488 753 646 830; x_wconf 84' lang='lat' dir='ltr'><strong>propriam.</strong></span> 
     </span>
     <span class='ocr_line' id='line_1_6' title="bbox 216 832 573 891; baseline 0.003 -1"><span class='ocrx_word' id='word_1_13' title='bbox 216 832 279 891; x_wconf 90' lang='lat' dir='ltr'><strong>Hic</strong></span> <span class='ocrx_word' id='word_1_14' title='bbox 292 852 424 891; x_wconf 89' lang='lat' dir='ltr'><strong>errorum</strong></span> <span class='ocrx_word' id='word_1_15' title='bbox 438 833 573 891; x_wconf 87' lang='lat' dir='ltr'><strong>cumulus</strong></span> 
     </span>
     <span class='ocr_line' id='line_1_7' title="bbox 256 915 586 991; baseline 0 -20"><span class='ocrx_word' id='word_1_16' title='bbox 256 916 304 972; x_wconf 81' lang='lat' dir='ltr'><strong>Ac</strong></span> <span class='ocrx_word' id='word_1_17' title='bbox 317 915 412 971; x_wconf 90' lang='lat' dir='ltr'><strong>omnis</strong></span> <span class='ocrx_word' id='word_1_18' title='bbox 426 915 586 991; x_wconf 71' lang='lat' dir='ltr'><strong>spurcitia,</strong></span> 
     </span>
     <span class='ocr_line' id='line_1_8' title="bbox 216 993 536 1072; baseline 0 -19"><span class='ocrx_word' id='word_1_19' title='bbox 216 993 278 1053; x_wconf 90' lang='lat' dir='ltr'><strong>Hic</strong></span> <span class='ocrx_word' id='word_1_20' title='bbox 292 995 397 1053; x_wconf 84' lang='lat' dir='ltr'>infelix</span> <span class='ocrx_word' id='word_1_21' title='bbox 411 995 536 1072; x_wconf 91' lang='lat' dir='ltr'><strong>populus</strong></span> 
     </span>
     <span class='ocr_line' id='line_1_9' title="bbox 257 1075 562 1134; baseline 0 0"><span class='ocrx_word' id='word_1_22' title='bbox 257 1075 395 1134; x_wconf 76' lang='lat' dir='ltr'><strong>(laudens</strong></span> <span class='ocrx_word' id='word_1_23' title='bbox 416 1076 562 1134; x_wconf 77' lang='lat' dir='ltr'>idolatria.</span> 
     </span>
     <span class='ocr_line' id='line_1_10' title="bbox 215 1156 494 1215; baseline -0.007 0"><span class='ocrx_word' id='word_1_24' title='bbox 215 1156 371 1215; x_wconf 83' lang='lat' dir='ltr'><strong>Adorabat</strong></span> <span class='ocrx_word' id='word_1_25' title='bbox 384 1157 494 1213; x_wconf 90' lang='lat' dir='ltr'><strong>idolum</strong></span> 
     </span>
     <span class='ocr_line' id='line_1_11' title="bbox 256 1236 558 1310; baseline -0.007 -14"><span class='ocrx_word' id='word_1_26' title='bbox 256 1238 382 1296; x_wconf 81' lang='lat' dir='ltr'><strong>Fallacia</strong></span> <span class='ocrx_word' id='word_1_27' title='bbox 397 1236 558 1310; x_wconf 75' lang='lat' dir='ltr'><strong>Mercurii,</strong></span> 
     </span>
     <span class='ocr_line' id='line_1_12' title="bbox 215 1317 527 1377; baseline -0.006 0"><span class='ocrx_word' id='word_1_28' title='bbox 215 1317 274 1377; x_wconf 78' lang='lat' dir='ltr'><strong>Sed</strong></span> <span class='ocrx_word' id='word_1_29' title='bbox 288 1319 362 1376; x_wconf 86' lang='lat' dir='ltr'><strong>vicit</strong></span> <span class='ocrx_word' id='word_1_30' title='bbox 375 1318 527 1376; x_wconf 90' lang='lat' dir='ltr'><strong>diabolum</strong></span> 
     </span>
     <span class='ocr_line' id='line_1_13' title="bbox 256 1399 505 1475; baseline -0.004 -18"><span class='ocrx_word' id='word_1_31' title='bbox 256 1399 345 1457; x_wconf 86' lang='lat' dir='ltr'><strong>Fides</strong></span> <span class='ocrx_word' id='word_1_32' title='bbox 359 1399 505 1475; x_wconf 86' lang='lat' dir='ltr'><strong>Dionysii</strong></span> 
     </span>
     <span class='ocr_line' id='line_1_14' title="bbox 216 1478 710 1558; baseline 0 -20"><span class='ocrx_word' id='word_1_33' title='bbox 216 1478 286 1551; x_wconf 85' lang='lat' dir='ltr'><strong>Hic,</strong></span> <span class='ocrx_word' id='word_1_34' title='bbox 293 1486 460 1538; x_wconf 86' lang='lat' dir='ltr'><strong>constructo</strong></span> <span class='ocrx_word' id='word_1_35' title='bbox 469 1478 582 1538; x_wconf 76' lang='lat' dir='ltr'><strong>Christi</strong></span> <span class='ocrx_word' id='word_1_36' title='bbox 589 1478 710 1558; x_wconf 84' lang='lat' dir='ltr'><strong>templo,</strong></span> 
     </span>
     <span class='ocr_line' id='line_1_15' title="bbox 216 1559 627 1638; baseline 0.005 -21"><span class='ocrx_word' id='word_1_37' title='bbox 216 1559 317 1619; x_wconf 85' lang='lat' dir='ltr'><strong>Verbo</strong></span> <span class='ocrx_word' id='word_1_38' title='bbox 331 1561 416 1619; x_wconf 89' lang='lat' dir='ltr'><strong>docet</strong></span> <span class='ocrx_word' id='word_1_39' title='bbox 429 1567 460 1618; x_wconf 83' lang='lat' dir='ltr'><strong>et</strong></span> <span class='ocrx_word' id='word_1_40' title='bbox 473 1560 627 1638; x_wconf 85' lang='lat' dir='ltr'><strong>exemplo余</strong></span> 
     </span>
     <span class='ocr_line' id='line_1_16' title="bbox 256 1640 570 1701; baseline 0.006 -2"><span class='ocrx_word' id='word_1_41' title='bbox 256 1640 398 1700; x_wconf 81' lang='lat' dir='ltr'><strong>(loruscat</strong></span> <span class='ocrx_word' id='word_1_42' title='bbox 412 1641 570 1701; x_wconf 77' lang='lat' dir='ltr'><strong>miraculis.</strong></span> 
     </span>
     <span class='ocr_line' id='line_1_17' title="bbox 215 1722 637 1796; baseline 0 -16"><span class='ocrx_word' id='word_1_43' title='bbox 215 1722 316 1780; x_wconf 81' lang='lat' dir='ltr'><strong>Turba</strong></span> <span class='ocrx_word' id='word_1_44' title='bbox 329 1723 432 1795; x_wconf 89' lang='lat' dir='ltr'><strong>credit,</strong></span> <span class='ocrx_word' id='word_1_45' title='bbox 447 1742 528 1781; x_wconf 90' lang='lat' dir='ltr'><strong>error</strong></span> <span class='ocrx_word' id='word_1_46' title='bbox 541 1722 637 1796; x_wconf 87' lang='lat' dir='ltr'><strong>cedit余</strong></span> 
     </span>
     <span class='ocr_line' id='line_1_18' title="bbox 215 1801 624 1876; baseline -0.002 -14"><span class='ocrx_word' id='word_1_47' title='bbox 215 1801 304 1862; x_wconf 83' lang='lat' dir='ltr'>Fides</span> <span class='ocrx_word' id='word_1_48' title='bbox 317 1804 430 1876; x_wconf 87' lang='lat' dir='ltr'><strong>crescit,</strong></span> <span class='ocrx_word' id='word_1_49' title='bbox 444 1811 476 1862; x_wconf 85' lang='lat' dir='ltr'><strong>et</strong></span> <span class='ocrx_word' id='word_1_50' title='bbox 489 1803 624 1862; x_wconf 73' lang='lat' dir='ltr'><strong>clarescit</strong></span> 
     </span>
     <span class='ocr_line' id='line_1_19' title="bbox 256 1883 622 1962; baseline 0.003 -20"><span class='ocrx_word' id='word_1_51' title='bbox 256 1884 375 1942; x_wconf 81' lang='lat' dir='ltr'>Nomen</span> <span class='ocrx_word' id='word_1_52' title='bbox 388 1885 468 1942; x_wconf 84' lang='lat' dir='ltr'><strong>tanti</strong></span> <span class='ocrx_word' id='word_1_53' title='bbox 480 1883 622 1962; x_wconf 75' lang='lat' dir='ltr'><strong>praesulis</strong></span> 
     </span>
     <span class='ocr_line' id='line_1_20' title="bbox 216 1964 582 2023; baseline 0.003 -1"><span class='ocrx_word' id='word_1_54' title='bbox 216 1964 275 2022; x_wconf 88' lang='lat' dir='ltr'><strong>His</strong></span> <span class='ocrx_word' id='word_1_55' title='bbox 289 1965 399 2023; x_wconf 87' lang='lat' dir='ltr'><strong>auditis</strong></span> <span class='ocrx_word' id='word_1_56' title='bbox 412 1965 448 2022; x_wconf 88' lang='lat' dir='ltr'><strong>fit</strong></span> <span class='ocrx_word' id='word_1_57' title='bbox 461 1965 582 2023; x_wconf 89' lang='lat' dir='ltr'><strong>insanus</strong></span> 
     </span>
     <span class='ocr_line' id='line_1_21' title="bbox 216 2045 560 2119; baseline 0 -16"><span class='ocrx_word' id='word_1_58' title='bbox 216 2045 347 2103; x_wconf 81' lang='lat' dir='ltr'>Immitis</span> <span class='ocrx_word' id='word_1_59' title='bbox 361 2046 560 2119; x_wconf 88' lang='lat' dir='ltr'><strong>Domitianus,</strong></span> 
     </span>
     <span class='ocr_line' id='line_1_22' title="bbox 256 2126 601 2204; baseline -0.003 -19"><span class='ocrx_word' id='word_1_60' title='bbox 256 2126 414 2204; x_wconf 84' lang='lat' dir='ltr'><strong>Mittitque</strong></span> <span class='ocrx_word' id='word_1_61' title='bbox 428 2126 601 2199; x_wconf 83' lang='lat' dir='ltr'><strong>Sisinninm,</strong></span> 
     </span>
     <span class='ocr_line' id='line_1_23' title="bbox 216 2208 617 2285; baseline -0.002 -19"><span class='ocrx_word' id='word_1_62' title='bbox 216 2208 277 2278; x_wconf 82' lang='lat' dir='ltr'><strong>Qui</strong></span> <span class='ocrx_word' id='word_1_63' title='bbox 291 2215 436 2285; x_wconf 77' lang='lat' dir='ltr'><strong>pastorem</strong></span> <span class='ocrx_word' id='word_1_64' title='bbox 450 2208 617 2266; x_wconf 86' lang='lat' dir='ltr'><strong>animarum</strong></span> 
     </span>
     <span class='ocr_line' id='line_1_24' title="bbox 216 2287 616 2366; baseline -0.003 -20"><span class='ocrx_word' id='word_1_65' title='bbox 216 2287 299 2361; x_wconf 82' lang='lat' dir='ltr'><strong>Fide,</strong></span> <span class='ocrx_word' id='word_1_66' title='bbox 310 2289 383 2363; x_wconf 86' lang='lat' dir='ltr'><strong>vita,</strong></span> <span class='ocrx_word' id='word_1_67' title='bbox 398 2289 490 2366; x_wconf 80' lang='lat' dir='ltr'><strong>signis</strong></span> <span class='ocrx_word' id='word_1_68' title='bbox 504 2288 616 2346; x_wconf 90' lang='lat' dir='ltr'><strong>clarum</strong></span> 
     </span>
     <span class='ocr_line' id='line_1_25' title="bbox 277 2369 638 2446; baseline -0.003 -19"><span class='ocrx_word' id='word_1_69' title='bbox 277 2369 389 2427; x_wconf 82' lang='lat' dir='ltr'><strong>Trahat</strong></span> <span class='ocrx_word' id='word_1_70' title='bbox 401 2370 439 2427; x_wconf 89' lang='lat' dir='ltr'><strong>ad</strong></span> <span class='ocrx_word' id='word_1_71' title='bbox 453 2369 638 2446; x_wconf 89' lang='lat' dir='ltr'><strong>supplicium.</strong></span> 
     </span>
     <span class='ocr_line' id='line_1_26' title="bbox 216 2450 604 2528; baseline 0.003 -21"><span class='ocrx_word' id='word_1_72' title='bbox 216 2450 403 2528; x_wconf 73' lang='lat' dir='ltr'><strong>Infligrmtur</strong></span> <span class='ocrx_word' id='word_1_73' title='bbox 415 2451 479 2509; x_wconf 91' lang='lat' dir='ltr'><strong>seni</strong></span> <span class='ocrx_word' id='word_1_74' title='bbox 492 2469 604 2528; x_wconf 80' lang='lat' dir='ltr'><strong>paenoe:</strong></span> 
     </span>
     <span class='ocr_line' id='line_1_27' title="bbox 215 2530 627 2608; baseline 0 -20"><span class='ocrx_word' id='word_1_75' title='bbox 215 2530 338 2608; x_wconf 81' lang='lat' dir='ltr'><strong>Flagrat</strong></span> <span class='ocrx_word' id='word_1_76' title='bbox 351 2551 448 2590; x_wconf 89' lang='lat' dir='ltr'><strong>carcer</strong></span> <span class='ocrx_word' id='word_1_77' title='bbox 462 2539 493 2589; x_wconf 86' lang='lat' dir='ltr'><strong>ct</strong></span> <span class='ocrx_word' id='word_1_78' title='bbox 507 2537 627 2603; x_wconf 78' lang='lat' dir='ltr'><strong>catena,</strong></span> 
     </span>
     <span class='ocr_line' id='line_1_28' title="bbox 257 2612 690 2686; baseline -0.007 -15"><span class='ocrx_word' id='word_1_79' title='bbox 257 2612 417 2686; x_wconf 74' lang='lat' dir='ltr'><strong>catastam,</strong></span> <span class='ocrx_word' id='word_1_80' title='bbox 431 2612 540 2671; x_wconf 89' lang='lat' dir='ltr'><strong>lectum</strong></span> <span class='ocrx_word' id='word_1_81' title='bbox 552 2612 690 2683; x_wconf 78' lang='lat' dir='ltr'><strong>ferreum,</strong></span> 
     </span>
     <span class='ocr_line' id='line_1_29' title="bbox 256 2693 667 2770; baseline -0.002 -19"><span class='ocrx_word' id='word_1_82' title='bbox 256 2693 299 2751; x_wconf 80' lang='lat' dir='ltr'><strong>Et</strong></span> <span class='ocrx_word' id='word_1_83' title='bbox 312 2700 418 2751; x_wconf 84' lang='lat' dir='ltr'><strong>aestum</strong></span> <span class='ocrx_word' id='word_1_84' title='bbox 431 2694 526 2752; x_wconf 87' lang='lat' dir='ltr'><strong>vincit</strong></span> <span class='ocrx_word' id='word_1_85' title='bbox 539 2694 667 2770; x_wconf 78' lang='lat' dir='ltr'><strong>igneum.</strong></span> 
     </span>
     <span class='ocr_line' id='line_1_30' title="bbox 216 2773 641 2846; baseline 0 -14"><span class='ocrx_word' id='word_1_86' title='bbox 216 2773 308 2832; x_wconf 89' lang='lat' dir='ltr'><strong>Prece</strong></span> <span class='ocrx_word' id='word_1_87' title='bbox 320 2774 422 2832; x_wconf 84' lang='lat' dir='ltr'><strong>domat</strong></span> <span class='ocrx_word' id='word_1_88' title='bbox 434 2774 511 2833; x_wconf 82' lang='lat' dir='ltr'><strong>seras</strong></span> <span class='ocrx_word' id='word_1_89' title='bbox 524 2781 641 2846; x_wconf 86' lang='lat' dir='ltr'><strong>truces余</strong></span> 
     </span>
     <span class='ocr_line' id='line_1_31' title="bbox 216 2855 681 2932; baseline -0.002 -18"><span class='ocrx_word' id='word_1_90' title='bbox 216 2855 307 2914; x_wconf 83' lang='lat' dir='ltr'><strong>Sedat</strong></span> <span class='ocrx_word' id='word_1_91' title='bbox 320 2874 433 2932; x_wconf 80' lang='lat' dir='ltr'><strong>rogum,</strong></span> <span class='ocrx_word' id='word_1_92' title='bbox 449 2856 561 2932; x_wconf 77' lang='lat' dir='ltr'><strong>perfert</strong></span> <span class='ocrx_word' id='word_1_93' title='bbox 573 2872 681 2926; x_wconf 84' lang='lat' dir='ltr'><strong>cruces,</strong></span> 
     </span>
     <span class='ocr_line' id='line_1_32' title="bbox 257 2935 670 3014; baseline -0.002 -21"><span class='ocrx_word' id='word_1_94' title='bbox 257 2936 331 2994; x_wconf 84' lang='lat' dir='ltr'><strong>Post</strong></span> <span class='ocrx_word' id='word_1_95' title='bbox 344 2936 443 2994; x_wconf 86' lang='lat' dir='ltr'><strong>clavos</strong></span> <span class='ocrx_word' id='word_1_96' title='bbox 455 2943 487 2994; x_wconf 89' lang='lat' dir='ltr'><strong>et</strong></span> <span class='ocrx_word' id='word_1_97' title='bbox 500 2935 670 3014; x_wconf 80' lang='lat' dir='ltr'><strong>patibulum</strong></span> 
     </span>
     <span class='ocr_line' id='line_1_33' title="bbox 253 3015 684 3095; baseline 0 -22"><span class='ocrx_word' id='word_1_98' title='bbox 253 3015 428 3075; x_wconf 68' lang='lat' dir='ltr'><strong>Translatus</strong></span> <span class='ocrx_word' id='word_1_99' title='bbox 441 3017 479 3074; x_wconf 88' lang='lat' dir='ltr'><strong>ad</strong></span> <span class='ocrx_word' id='word_1_100' title='bbox 494 3015 684 3095; x_wconf 82' lang='lat' dir='ltr'><strong>ergastulum</strong></span> 
     </span>
     <span class='ocr_line' id='line_1_34' title="bbox 213 3096 509 3156; baseline 0.003 -1"><span class='ocrx_word' id='word_1_101' title='bbox 213 3096 334 3155; x_wconf 80' lang='lat' dir='ltr'><strong>Seniore</strong></span> <span class='ocrx_word' id='word_1_102' title='bbox 344 3097 509 3156; x_wconf 83' lang='lat' dir='ltr'><strong>celebrante</strong></span> 
     </span>
     <span class='ocr_line' id='line_1_35' title="bbox 214 3177 681 3251; baseline -0.004 -15"><span class='ocrx_word' id='word_1_103' title='bbox 214 3177 348 3251; x_wconf 80' lang='lat' dir='ltr'><strong>Missam,</strong></span> <span class='ocrx_word' id='word_1_104' title='bbox 362 3179 452 3236; x_wconf 89' lang='lat' dir='ltr'><strong>turba</strong></span> <span class='ocrx_word' id='word_1_105' title='bbox 464 3179 681 3248; x_wconf 85' lang='lat' dir='ltr'><strong>circumstante,</strong></span> 
     </span>
     <span class='ocr_line' id='line_1_36' title="bbox 214 3258 622 3317; baseline 0 0"><span class='ocrx_word' id='word_1_106' title='bbox 214 3258 351 3317; x_wconf 80' lang='lat' dir='ltr'><strong>Christus</strong></span> <span class='ocrx_word' id='word_1_107' title='bbox 364 3259 447 3316; x_wconf 87' lang='lat' dir='ltr'><strong>adest</strong></span> <span class='ocrx_word' id='word_1_108' title='bbox 461 3260 622 3317; x_wconf 82' lang='lat' dir='ltr'><strong>comitante</strong></span> 
     </span>
     <span class='ocr_line' id='line_1_37' title="bbox 256 3339 563 3417; baseline 0 -19"><span class='ocrx_word' id='word_1_109' title='bbox 256 3339 375 3398; x_wconf 77' lang='lat' dir='ltr'><strong>(laelesti</strong></span> <span class='ocrx_word' id='word_1_110' title='bbox 388 3339 563 3417; x_wconf 81' lang='lat' dir='ltr'><strong>frequentia</strong></span> 
     </span>
     <span class='ocr_line' id='line_1_38' title="bbox 215 3420 610 3497; baseline -0.005 -17"><span class='ocrx_word' id='word_1_111' title='bbox 215 3420 311 3497; x_wconf 80' lang='lat' dir='ltr'><strong>Specu</strong></span> <span class='ocrx_word' id='word_1_112' title='bbox 325 3421 456 3479; x_wconf 86' lang='lat' dir='ltr'><strong>clausum</strong></span> <span class='ocrx_word' id='word_1_113' title='bbox 471 3421 610 3480; x_wconf 87' lang='lat' dir='ltr'><strong>carcerali</strong></span> 
     </span>
     <span class='ocr_line' id='line_1_39' title="bbox 216 3501 548 3574; baseline 0 -14"><span class='ocrx_word' id='word_1_114' title='bbox 216 3501 401 3574; x_wconf 81' lang='lat' dir='ltr'><strong>Consolatur,</strong></span> <span class='ocrx_word' id='word_1_115' title='bbox 417 3508 448 3560; x_wconf 87' lang='lat' dir='ltr'><strong>et</strong></span> <span class='ocrx_word' id='word_1_116' title='bbox 462 3502 548 3560; x_wconf 86' lang='lat' dir='ltr'><strong>vitali</strong></span> 
     </span>
     <span class='ocr_line' id='line_1_40' title="bbox 216 3582 566 3641; baseline 0 0"><span class='ocrx_word' id='word_1_117' title='bbox 216 3582 297 3641; x_wconf 89' lang='lat' dir='ltr'><strong>Pane</strong></span> <span class='ocrx_word' id='word_1_118' title='bbox 311 3583 391 3640; x_wconf 86' lang='lat' dir='ltr'><strong>cibat</strong></span> <span class='ocrx_word' id='word_1_119' title='bbox 404 3582 566 3641; x_wconf 79' lang='lat' dir='ltr'><strong>immortali</strong></span> 
     </span>
     <span class='ocr_line' id='line_1_41' title="bbox 256 3663 581 3742; baseline 0.003 -20"><span class='ocrx_word' id='word_1_120' title='bbox 256 3663 464 3722; x_wconf 79' lang='lat' dir='ltr'><strong>Coronandurn</strong></span> <span class='ocrx_word' id='word_1_121' title='bbox 478 3664 581 3742; x_wconf 78' lang='lat' dir='ltr'><strong>gloria</strong></span> 
     </span>
     <span class='ocr_line' id='line_1_42' title="bbox 215 3744 660 3821; baseline 0.004 -19"><span class='ocrx_word' id='word_1_122' title='bbox 215 3744 322 3803; x_wconf 87' lang='lat' dir='ltr'><strong>Prodit</strong></span> <span class='ocrx_word' id='word_1_123' title='bbox 334 3751 449 3821; x_wconf 87' lang='lat' dir='ltr'><strong>martyr</strong></span> <span class='ocrx_word' id='word_1_124' title='bbox 462 3744 660 3818; x_wconf 88' lang='lat' dir='ltr'><strong>conflicturus,</strong></span> 
     </span>
     <span class='ocr_line' id='line_1_43' title="bbox 215 3825 610 3898; baseline 0.003 -15"><span class='ocrx_word' id='word_1_125' title='bbox 215 3825 278 3884; x_wconf 85' lang='lat' dir='ltr'><strong>Sub</strong></span> <span class='ocrx_word' id='word_1_126' title='bbox 291 3825 387 3884; x_wconf 88' lang='lat' dir='ltr'><strong>securi</strong></span> <span class='ocrx_word' id='word_1_127' title='bbox 399 3832 461 3883; x_wconf 89' lang='lat' dir='ltr'><strong>stat</strong></span> <span class='ocrx_word' id='word_1_128' title='bbox 473 3845 610 3898; x_wconf 88' lang='lat' dir='ltr'><strong>securus余</strong></span> 
     </span>
     <span class='ocr_line' id='line_1_44' title="bbox 215 3906 633 3984; baseline 0 -20"><span class='ocrx_word' id='word_1_129' title='bbox 215 3906 300 3966; x_wconf 79' lang='lat' dir='ltr'><strong>Ferit</strong></span> <span class='ocrx_word' id='word_1_130' title='bbox 313 3907 409 3977; x_wconf 87' lang='lat' dir='ltr'><strong>lictor,</strong></span> <span class='ocrx_word' id='word_1_131' title='bbox 423 3908 523 3984; x_wconf 90' lang='lat' dir='ltr'><strong>sicque</strong></span> <span class='ocrx_word' id='word_1_132' title='bbox 536 3907 633 3965; x_wconf 82' lang='lat' dir='ltr'><strong>victor</strong></span> 
     </span>
     <span class='ocr_line' id='line_1_45' title="bbox 256 3987 604 4064; baseline 0 -18"><span class='ocrx_word' id='word_1_133' title='bbox 256 3987 486 4046; x_wconf 77' lang='lat' dir='ltr'><strong>Consummatur</strong></span> <span class='ocrx_word' id='word_1_134' title='bbox 498 3987 604 4064; x_wconf 83' lang='lat' dir='ltr'><strong>gladio.</strong></span> 
     </span>
     <span class='ocr_line' id='line_1_46' title="bbox 215 4067 593 4143; baseline 0 -16"><span class='ocrx_word' id='word_1_135' title='bbox 215 4067 254 4127; x_wconf 79' lang='lat' dir='ltr'><strong>Se</strong></span> <span class='ocrx_word' id='word_1_136' title='bbox 267 4068 392 4127; x_wconf 89' lang='lat' dir='ltr'><strong>cadaver</strong></span> <span class='ocrx_word' id='word_1_137' title='bbox 405 4088 475 4126; x_wconf 87' lang='lat' dir='ltr'><strong>mox</strong></span> <span class='ocrx_word' id='word_1_138' title='bbox 489 4069 593 4143; x_wconf 86' lang='lat' dir='ltr'><strong>erexit,</strong></span> 
     </span>
     <span class='ocr_line' id='line_1_47' title="bbox 215 4149 711 4227; baseline 0 -20"><span class='ocrx_word' id='word_1_139' title='bbox 215 4149 349 4208; x_wconf 81' lang='lat' dir='ltr'><strong>Truncus</strong></span> <span class='ocrx_word' id='word_1_140' title='bbox 363 4157 502 4208; x_wconf 90' lang='lat' dir='ltr'><strong>truncum</strong></span> <span class='ocrx_word' id='word_1_141' title='bbox 513 4157 602 4227; x_wconf 89' lang='lat' dir='ltr'><strong>caput</strong></span> <span class='ocrx_word' id='word_1_142' title='bbox 611 4150 711 4224; x_wconf 70' lang='lat' dir='ltr'><strong>vexit,</strong></span> 
     </span>
     <span class='ocr_line' id='line_1_48' title="bbox 214 4230 631 4300; baseline 0.005 -12"><span class='ocrx_word' id='word_1_143' title='bbox 214 4230 281 4300; x_wconf 83' lang='lat' dir='ltr'><strong>Quo</strong></span> <span class='ocrx_word' id='word_1_144' title='bbox 295 4230 437 4290; x_wconf 85' lang='lat' dir='ltr'><strong>ferentem</strong></span> <span class='ocrx_word' id='word_1_145' title='bbox 451 4231 506 4289; x_wconf 91' lang='lat' dir='ltr'><strong>hoc</strong></span> <span class='ocrx_word' id='word_1_146' title='bbox 520 4231 631 4290; x_wconf 85' lang='lat' dir='ltr'><strong>direxit</strong></span> 
     </span>
     <span class='ocr_line' id='line_1_49' title="bbox 253 4313 535 4390; baseline 0.004 -20"><span class='ocrx_word' id='word_1_147' title='bbox 253 4313 437 4389; x_wconf 81' lang='lat' dir='ltr'><strong>Angelorum</strong></span> <span class='ocrx_word' id='word_1_148' title='bbox 451 4313 535 4390; x_wconf 80' lang='lat' dir='ltr'><strong>legio.</strong></span> 
     </span>
     <span class='ocr_line' id='line_1_50' title="bbox 215 4393 550 4471; baseline 0.003 -21"><span class='ocrx_word' id='word_1_149' title='bbox 215 4393 289 4451; x_wconf 80' lang='lat' dir='ltr'><strong>Tam</strong></span> <span class='ocrx_word' id='word_1_150' title='bbox 301 4393 441 4470; x_wconf 83' lang='lat' dir='ltr'><strong>praeclara</strong></span> <span class='ocrx_word' id='word_1_151' title='bbox 454 4394 550 4471; x_wconf 87' lang='lat' dir='ltr'><strong>passio</strong></span> 
     </span>
     <span class='ocr_line' id='line_1_51' title="bbox 214 4473 694 4552; baseline 0.002 -19"><span class='ocrx_word' id='word_1_152' title='bbox 214 4473 344 4551; x_wconf 86' lang='lat' dir='ltr'><strong>Repleat</strong></span> <span class='ocrx_word' id='word_1_153' title='bbox 357 4493 412 4532; x_wconf 90' lang='lat' dir='ltr'><strong>nos</strong></span> <span class='ocrx_word' id='word_1_154' title='bbox 425 4474 542 4552; x_wconf 83' lang='lat' dir='ltr'><strong>gaudio.</strong></span> <span class='ocrx_word' id='word_1_155' title='bbox 584 4473 694 4534; x_wconf 83' lang='lat' dir='ltr'><strong>Amen.</strong></span> 
     </span>
    </p>
   </div>
   <div class='ocr_carea' id='block_1_3' title="bbox 0 0 1406 4920">
    <p class='ocr_par' dir='ltr' id='par_1_3' title="bbox 0 0 1406 4920">
     <span class='ocr_line' id='line_1_52' title="bbox 0 0 1406 4920; baseline 0 0"><span class='ocrx_word' id='word_1_156' title='bbox 0 0 1406 4920; x_wconf 95' lang='lat' dir='ltr'><strong> </strong></span> 
     </span>
    </p>
   </div>
  </div>
 </body>
</html>
