2804 4920
111 296 159 361 32.
343 289 528 358 Dominicn
548 287 589 357 ii.
608 294 685 378 post
708 289 846 358 Octavus
865 289 1083 379 Epiphaniae.

592 507 692 567 Fsam
715 507 826 567 Ssxrn

169 633 265 695 lectio
278 633 415 711 Epistola
428 633 503 693 heah
515 631 598 692 Petri
610 629 740 709 Apostoli
751 631 789 710 (2
809 631 829 688 i
847 630 964 707 16-21).

172 716 341 776 Carissimis
368 714 401 774 N
401 734 440 772 on
453 714 586 773 indoctas
598 733 688 789 nsque
701 714 741 771 ad
754 712 848 771 sancti
862 713 921 771 Dei
933 712 1077 776 hominos.

170 813 338 873 Secundum
350 811 524 870 Mattianum
537 811 591 889 (ic.
610 810 724 888 12-17).

171 895 211 953 In
232 894 284 953 illo
303 899 441 971 tompore,
458 892 534 951 (ium
551 892 680 951 audisset
701 891 790 949 Jesus
810 890 890 967 quod
909 890 1064 951 Johanuss
1086 892 1215 953 traditus
1232 898 1292 954 sust
1325 918 1327 971 !

110 997 201 1054 mque
214 977 254 1034 ad
267 973 515 1053 appropinquabit
528 973 608 1032 enim
621 991 745 1050 regnum
758 970 905 1030 caelorum.

319 1116 478 1176 Douuucs
498 1130 638 1175 sncnnns
658 1131 731 1174 rosr
751 1116 894 1175 Ocrsvss
913 1114 1108 1175 Errrnsurn.

170 1240 309 1318 officinae.

169 1334 275 1394 Omnis
294 1339 374 1392 terra
392 1331 495 1390 adoret
509 1336 550 1404 te,
565 1329 657 1404 Deus,
671 1335 703 1389 ct
721 1328 830 1407 psallat
849 1328 907 1388 tibi
915 1348 925 1404 3
944 1329 1093 1407 psalmum
1105 1330 1187 1392 dicat
1198 1328 1291 1392 nomini

108 1425 170 1490 tuo,
184 1415 347 1474 Aitissims.
560 1449 564 1460 ·

171 1512 315 1573 Psalmis.
1274 1570 1280 1583 .

167 1609 190 1667 J
191 1606 302 1664 ubilats
315 1605 389 1678 Deo,
404 1601 500 1661 omnis
512 1609 611 1661 terra:
630 1600 778 1679 psalmum
791 1600 880 1659 dicito
892 1601 1008 1660 nomini
1021 1602 1092 1680 ejus,
1107 1603 1177 1662 dats
1188 1602 1289 1682 glor-ism

109 1688 190 1748 laudi
203 1688 275 1764 ejus.

171 1785 280 1844 Oratio.

170 1878 364 1955 Omnipotens
376 1874 553 1951 sempiterne
564 1873 655 1942 Deus,
667 1874 719 1952 qui
728 1872 855 1932 caelestis
864 1874 953 1933 simul
966 1879 998 1933 et
1010 1880 1130 1934 terrena
1138 1872 1289 1941 moneam

107 1959 334 2038 supplicationes
354 1954 455 2034 populi
475 1955 521 2013 tui
541 1955 701 2014 clementer
716 1955 833 2028 exaudi,
848 1961 879 2014 et
899 1975 1001 2034 pacem
1022 1961 1107 2014 tuam
1124 1957 1229 2016 nostris
1238 1972 1288 2014 aon·

107 2042 176 2100 aedo
190 2039 378 2117 temporibus.
421 2036 479 2095 Per
492 2037 664 2095 Dominum.

167 2137 217 2197 Ad
230 2138 378 2197 Ronrnrros
391 2135 459 2213 (orii.
477 2137 570 2213 6-16)

167 2233 304 2291 Fratres:
326 2230 480 2288 Habentes
493 2229 664 2288 donationes
677 2228 839 2288 secundum
852 2229 979 2307 gratiam
992 2249 1083 2306 resq-ne
1096 2231 1138 2289 ad
1151 2230 1202 2290 sed
1212 2223 1288 2288 humi·

107 2314 185 2373 libus
198 2312 422 2371 consentientes.

170 2409 304 2469 Grada&

168 2502 255 2562 Misit
276 2501 422 2560 Dominus
435 2501 559 2559 verbum
576 2520 672 2571 suum,
686 2506 717 2559 et
729 2501 847 2561 sanavit
860 2520 930 2561 aas:
959 2507 991 2560 et
1011 2501 1121 2578 eripuit
1142 2521 1191 2561 eos
1208 2500 1241 2559 ds
1255 2496 1289 2555 in

106 2585 199 2644 tcritu
217 2604 327 2642 eorum.
376 2583 404 2641 V.
429 2582 636 2641 Confiteantur
652 2582 782 2641 Domino
799 2583 1004 2640 misericordiae
1026 2584 1090 2659 ejus
1110 2590 1141 2641 st
1165 2576 1288 2640 mirabilia

107 2668 170 2745 ejus
183 2667 252 2725 filiis
265 2665 427 2723 hominum.

166 2748 314 2824 Alleluya.
378 2747 406 2805 V.
430 2745 563 2804 Laudato
587 2744 694 2817 Deum,
722 2765 823 2803 omncs
850 2744 948 2822 angeli
976 2745 1058 2821 ejus:
1094 2744 1210 2804 lundata
1227 2756 1287 2805 em

105 2849 206 2889 omnes
220 2830 347 2888 virtutes
360 2828 430 2905 ojus.

166 2928 333 2987 Secreudum
346 2925 372 2982 J
370 2927 512 2985 abaciacus
526 2925 575 3003 (ii.
594 2926 661 2983 l·ll
666 2925 691 3003 )

167 3022 206 3079 In
226 3021 278 3078 illo
298 3028 437 3097 tompore,
454 3019 578 3096 Nuptiae
605 3020 689 3077 factae
714 3024 785 3078 sunt
807 3018 840 3076 in
858 3017 941 3076 Cana
958 3017 1090 3076 Galilaeae
1110 3038 1199 3095 usque
1216 3015 1250 3075 ad
1264 3014 1287 3067 ti

107 3103 294 3161 crediderunt
316 3103 348 3158 in
362 3121 429 3159 eum
443 3100 580 3177 discipuli
593 3101 663 3175 ejus.

168 3199 192 3258 0
214 3198 361 3257 eriorium.

167 3202 300 3351 ‹Jiibilatc
311 3292 385 3363 Deo,
400 3291 539 3349 universa
552 3295 645 3348 terra:
667 3291 795 3365 jubilato
810 3291 883 3362 Deo,
897 3290 1035 3347 universa
1047 3296 1145 3364 terra3
1164 3287 1286 3373 psalmum

107 3374 196 3432 dicito
211 3373 324 3431 nomini
338 3375 420 3449 ejus:
442 3373 549 3444 venito,
562 3380 592 3429 et
606 3371 714 3445 audite,
726 3380 756 3429 ct
770 3372 896 3430 narrabo
910 3372 1001 3443 vobis,
1014 3391 1114 3430 omnes
1127 3372 1179 3450 qui
1197 3369 1286 3428 umen

107 3456 215 3527 Deum,
230 3460 342 3531 qiranta
353 3455 421 3511 facit
435 3454 581 3511 Dominus
595 3453 700 3511 unimae
714 3473 794 3511 meir.
836 3453 986 3529 Allclnya
1199 3446 1203 3455 ’

167 3554 287 3611 Sureta.
332 3551 447 3623 Oblata,
473 3551 609 3622 Domina,
631 3570 753 3609 munera
771 3550 927 3622 sanctifica,
953 3569 1064 3626 nosque
1086 3571 1104 3610 a
1124 3552 1295 3628 pecatorum·

106 3641 272 3692 nostrorum
289 3633 410 3691 runculis
424 3633 558 3691 emunda
602 3633 660 3690 Por
674 3632 845 3691 Dominunn

169 3730 351 3791 Gonurutuio.

169 3823 252 3881 Dicit
266 3824 433 3891 Don1i11us3
453 3824 581 3901 Implctc
602 3822 723 3902 hydrias
745 3842 829 3900 aqua,
848 3827 879 3880 ct
902 3821 977 3879 ferte
998 3820 1214 3879 architriclino:
1230 3814 1285 3898 dun}

102 3912 254 3983 gustasset
277 3905 494 3963 architriclinus
517 3926 624 3983 aquam
648 3906 752 3963 tinum
777 3905 897 3975 factum,
922 3903 995 3961 dicit
1018 3922 1144 3979 sponso:
1179 3893 1285 3983 servant

107 3987 211 4045 viuum
226 3987 337 4045 bouum
352 4006 444 4064 usquo
455 3986 556 4047 adhuc.
601 3987 669 4045 Hoc
683 3988 800 4064 signum
814 3986 884 4043 iecit
897 3985 919 4043 J
920 4004 987 4042 esus
1000 3985 1129 4061 primum
1143 3999 1235 4041 coram
1244 3973 1285 4032 dl*

107 4068 213 4147 cipulis
231 4068 299 4127 suis

166 4166 408 4226 J'ostconnuuuio.

166 4260 324 4338 Augustur
347 4259 379 4317 in
401 4259 493 4331 uobis,
516 4258 652 4333 Domino,
674 4279 849 4338 quaesumus,
873 4265 933 4316 tuse
951 4256 1074 4316 virtutis
1093 4253 1239 4334 operatio:
1258 4240 1285 4297 ¹¹*

106 4339 215 4399 divinis
234 4341 363 4419 vegetati
392 4342 589 4415 narniniensis,
612 4342 649 4403 ad
670 4363 771 4402 uorum
791 4342 935 4419 promissa
955 4339 1096 4417 capienda
1115 4346 1168 4397 tuo
1185 4336 1285 4394 munt1⁰

106 4439 310 4500 praparcruur.
354 4422 413 4481 Por
427 4422 597 4484 Dominum.
