2806 4920
158 310 223 411 llo
549 341 727 431 Suffrapio
750 342 966 408 (lenimenta.

182 590 185 595 ’
220 509 380 650 geddiiidus
402 589 467 662 tibi,
489 589 627 661 Domine,
647 589 749 648 laudes
768 596 800 648 et
821 609 953 661 munera,
973 610 1028 668 pro
1045 591 1196 649 eonoooeis
1217 590 1350 648 beneficii

160 673 271 811 {trtius
298 672 464 744 relerentes,
486 678 518 729 et
540 691 594 749 pro
617 671 809 730 oonoedendis
832 668 947 749 semper
969 671 1147 748 suppliciter
1166 672 1350 749 deprecantes

222 833 464 892 Postoommunio.

223 914 418 991 Omnipotens
431 912 608 990 sempiterne
620 913 713 985 Deus,
728 913 780 990 qui
793 933 848 972 nos
860 914 1030 992 mstigando
1041 934 1131 972 sanas
1144 920 1178 973 et
1191 912 1351 992 ignem&

162 1014 326 1066 oonservas,
341 1000 447 1071 praesta
467 994 648 1071 supplicibus
667 995 737 1066 tuis,
752 1003 786 1052 ut
803 992 838 1053 'et
857 992 1127 1072 tranquillitatibus
1147 995 1241 1072 hujus
1257 1003 1350 1073 optah

160 1076 368 1134 consolationis
380 1075 524 1149 letemur,
539 1083 570 1134 et
583 1075 660 1134 dono
673 1085 734 1134 tue
747 1077 869 1153 pietatis
882 1095 998 1154 semper
1010 1083 1141 1135 utamm.
1187 1077 1254 1135 Per.

306 1375 313 1388 ι
485 1291 611 1351 cosm
630 1293 851 1351 Anvnnsamos
871 1291 1037 1352 noenia

188 1438 191 1445 ¹
225 1373 362 1513 gdealdiiae
392 1459 461 1526 tnae,
493 1471 669 1529 quaesumus,
702 1453 839 1526 Domine,
871 1473 971 1531 preoes
1000 1453 1136 1531 plaoatus
1165 1454 1298 1523 admitte,
1321 1460 1348 1509 nt

164 1536 323 1595 destructis
339 1534 568 1593 adversitatibus
585 1541 616 1592 et
632 1535 780 1592 erroribus
793 1534 949 1605 universis,
964 1554 1067 1592 secura
1080 1536 1138 1592 tibi
1156 1536 1268 1607 sersiat
1278 1534 1348 1592 liber

166 1617 346 1755 Μδιοξῖ.
1120 1744 1123 1750 ,

227 1778 353 1852 Protege
366 1796 429 1848 nos,
444 1777 582 1848 Domine,
596 1795 774 1853 quaesumus,
788 1777 849 1834 tuis
863 1775 1011 1853 mysteriis
1023 1778 1198 1848 servientes,
1209 1786 1245 1836 ut
1257 1776 1347 1836 divinis

166 1859 253 1917 robus
266 1866 297 1915 et
309 1877 429 1935 corporo
442 1857 620 1915 famulemur
632 1866 663 1916 et
677 1867 784 1916 mente
827 1856 893 1916 Per.

226 1938 468 1997 Postoommunio.

228 2022 409 2091 Quaesumus,
419 2019 548 2077 Domine
558 2018 640 2077 Deus
653 2026 762 2090 noster,
773 2026 808 2077 ut
819 2039 893 2096 quos
905 2019 1006 2077 divina
1019 2019 1130 2078 tribuis
1141 2021 1348 2098 participatione

166 2102 300 2180 gaudere,
316 2100 454 2158 humenis
466 2119 527 2158 non
540 2101 619 2159 sinas
631 2101 781 2177 subjacere
794 2100 940 2178 periculis
983 2100 1050 2159 Per.

604 2312 669 2372 Pso
690 2312 933 2372 Pmimmmsus.

231 2396 339 2455 Oratio.

230 2477 357 2548 Exaudi,
372 2496 549 2553 quresumus,
564 2474 700 2546 Domine,
723 2474 890 2551 supplicum
909 2481 1064 2552 preesset
1082 2476 1288 2533 confitentium
1304 2473 1349 2530 tibi

170 2579 255 2636 paroe
270 2559 413 2635 peccetis,
427 2565 462 2615 ut
472 2558 583 2634 pariter
596 2557 681 2614 nobis
695 2556 912 2632 indulgentium
927 2557 1040 2614 tribuas
1053 2557 1201 2634 benignus
1215 2566 1245 2613 et
1257 2575 1348 2633 paoem

171 2641 230 2700 Per
243 2641 413 2697 Dominum.

230 2722 349 2782 Secreto

232 2804 356 2860 Hostius
380 2801 445 2870 tibi,
472 2800 608 2867 Domine,
629 2798 802 2874 placationis
826 2798 993 2871 offerimus3
1022 2805 1058 2854 ut
1081 2806 1113 2854 et
1137 2799 1246 2856 delicta
1268 2806 1350 2855 nostra

172 2885 328 2942 miseratus
341 2883 483 2954 absolvas
499 2888 529 2937 et
542 2881 683 2936 nutantia
697 2880 785 2935 corda
799 2891 832 2936 tu
847 2881 964 2956 dirigas.
1008 2880 1066 2936 Per
1081 2880 1253 2937 Dominum.

234 2964 474 3022 Postcommunio

233 3047 347 3104 Praesta
366 3046 459 3115 nobis,
479 3050 586 3100 :eterno
605 3041 749 3112 Salvator,
770 3049 804 3098 ut
821 3041 1016 3118 percipientes
1034 3041 1089 3099 hoo
1109 3062 1233 3100 munere
1253 3041 1351 3098 veniam

173 3135 367 3205 peccatorum,
382 3126 518 3201 deinceps
531 3131 649 3200 pecoata
663 3123 799 3180 vitemus.
842 3122 901 3178 Per
915 3123 1085 3181 Dominum.

476 3338 526 3394 Da
547 3352 683 3394 ousisrs
705 3336 832 3393 Sinonis
854 3352 886 3392 ιιι
907 3337 1070 3395 Anrnnrr.

238 3421 347 3478 Oratio.

237 3500 437 3559 Conscientias
464 3505 588 3565 nostras,
617 3518 794 3573 quaesumus,
824 3498 961 3567 Domine,
986 3498 1137 3555 visitando
1166 3501 1302 3575 purilioa:
1328 3503 1355 3551 ut

177 3586 296 3643 veniens
309 3582 329 3639 J
333 3601 398 3638 esus
412 3579 547 3636 Christus
562 3579 655 3635 Filius
669 3590 739 3634 tuus
754 3579 901 3634 Dominus
915 3586 1015 3635 noster
1025 3599 1092 3635 euru
1106 3582 1246 3637 omnibus
1260 3579 1356 3638 Sancus

177 3675 309 3743 paratam
324 3663 380 3718 sibi
396 3662 427 3716 in
441 3660 526 3715 nobis
540 3660 673 3716 inveniat
685 3660 873 3718 mansionem.
918 3661 977 3728 Qui
988 3672 1093 3717 tecum.

238 3747 358 3803 Secreta.

239 3829 374 3894 Munera,
400 3842 575 3898 quesumus,
605 3822 741 3890 Domine,
768 3821 866 3877 oblata
893 3822 1051 3891 sanctifico,
1080 3832 1110 3878 et
1139 3824 1285 3898 propitius
1308 3836 1358 3877 esto

178 3910 313 3966 omnibus
337 3905 541 3962 invocantibus
563 3912 592 3961 te
611 3904 642 3958 in
664 3904 796 3970 veritate,
820 3903 904 3958 utin
927 3903 1071 3958 Adventu
1092 3904 1163 3959 Filii
1185 3907 1233 3961 tui
1255 3901 1359 3961 Domini

179 3992 271 4048 nostri
292 3990 312 4045 J
315 4008 365 4043 esu
387 3985 498 4042 Clu-isti
520 4006 586 4041 eum
607 3985 743 4040 omnibus
764 3984 880 4041 Sanctis
895 3984 954 4040 tuis
968 3984 1024 4040 tibi
1040 3984 1157 4060 placitis
1177 3987 1291 4042 actibus
1303 4002 1360 4060 piu*

179 4080 334 4128 sentemur.
380 4067 581 4123 Pereundem.

240 4148 479 4208 I’oslrommunio.

240 4233 399 4289 Purilieent
425 4248 538 4303 semper
558 4233 588 4283 et
608 4225 745 4282 muniant
766 4234 817 4283 tua
838 4232 1020 4283 sacramenta
1040 4246 1093 4283 nos
1115 4227 1205 4297 Deus,
1223 4237 1257 4286 ut
1275 4229 1321 4305 qui
1333 4224 1361 4280 de

179 4315 308 4372 adventu
325 4310 479 4384 Unigeniti
497 4309 565 4364 Filii
580 4307 625 4362 tui
639 4307 798 4363 secundum
820 4329 934 4365 curnem
950 4309 1097 4375 laetuntur,
1112 4310 1144 4364 in
1159 4311 1288 4367 secundo
1307 4326 1362 4365 cum

179 4396 292 4452 venerit
315 4394 344 4448 in
369 4392 519 4463 nrojestule
541 4409 593 4444 sua
613 4408 680 4444 cum
700 4390 836 4446 omnibus
858 4390 973 4447 Sanctis
993 4391 1147 4466 preamium
1170 4393 1240 4450 vitoe
1261 4408 1363 4450 reterns

179 4475 349 4554 percipiant.
394 4471 451 4527 Per
464 4470 596 4528 eundem.
