2804 4920
136 348 178 413 to
471 344 656 413 Domirtica
679 345 725 411 iu
750 343 1050 431 Quinquageeimu.

135 520 181 587 ut,
196 532 272 593 quos
285 512 473 573 comeientiss
483 521 583 573 reatus
590 522 717 585 accusat,
730 511 916 590 indulgentia
925 518 987 571 turs
995 508 1197 571 miserationis
1204 508 1346 573 absolvat.

137 594 197 655 Per
210 594 372 655 Christum

198 674 335 737 Oremus.
379 674 493 737 Oratio.

197 756 367 817 Praeveniat
381 757 430 816 his
442 758 566 816 tumulis
585 758 655 830 tuis,
669 776 847 834 quaesumus,
863 755 1001 828 Domine,
1016 753 1217 813 misericordia
1235 758 1301 821 tus.
1314 758 1348 815 ut

137 856 239 979 omngs
252 838 427 917 iniquitates
440 858 543 898 eorum
555 839 643 898 celeri
656 837 843 915 indulgentia
855 835 1018 896 deleantur.
1062 836 1121 894 Per
1133 834 1300 895 Christum.

228 938 334 981 remus.
377 920 487 981 Oratio.

198 1000 337 1074 Domine,
352 1000 435 1060 Deus
448 1006 557 1073 noster,
573 1000 626 1078 qui
640 1000 800 1059 offensione
813 1005 917 1058 nostra
929 1018 991 1057 non
1004 999 1140 1072 vinceris,
1154 998 1208 1057 sed
1220 996 1350 1057 ausae

137 1079 220 1140 tione
233 1080 358 1160 placaris
367 1102 376 1156 3
397 1082 516 1161 respice,
539 1101 717 1159 quaesumus,
730 1081 768 1139 ad
789 1080 916 1139 famulos
935 1084 1004 1138 tuos
1021 1079 1075 1156 qui
1092 1099 1124 1139 se
1141 1079 1200 1137 tibi
1217 1079 1350 1158 grunitu

137 1180 270 1240 peccasse
294 1164 474 1222 confitentur
485 1184 493 1235 ;
514 1170 602 1221 tuum
626 1168 672 1221 est
692 1162 772 1223 enim
796 1162 1013 1221 absolutionem
1033 1160 1193 1220 eriminum
1214 1162 1296 1233 dare,
1319 1166 1349 1219 et

138 1243 257 1303 veniam
271 1250 411 1321 prestare
428 1245 660 1323 penitentibus:
681 1243 734 1321 qui
750 1242 865 1316 dixisti,
880 1242 1084 1320 penitentiam
1097 1248 1129 1299 te
1145 1242 1236 1300 malle
1254 1260 1350 1320 pecea-

137 1330 238 1383 tomm
252 1344 341 1403 quam
354 1334 482 1385 mortem
491 1344 501 1398 ;
521 1325 647 1383 concede
670 1344 749 1403 ergo,
765 1324 904 1395 Domine,
927 1330 962 1382 ut
983 1323 1041 1382 tibi
1063 1324 1249 1401 prenitentioe
1265 1340 1350 1382 exou-

137 1404 201 1465 bius
214 1406 373 1480 celebrent,
388 1413 419 1465 et
432 1407 571 1465 correctis
583 1406 698 1464 actibus
712 1405 773 1464 sniis
786 1406 915 1463 conferri
927 1405 985 1463 sibi
997 1425 1016 1464 a
1029 1410 1060 1463 te
1075 1405 1140 1463 Deo
1152 1403 1223 1463 vivo
1236 1412 1271 1463 ot
1281 1422 1351 1463 reto

136 1487 317 1565 sempiterna
330 1488 439 1567 gaudia
451 1488 649 1566 gratulentur.
692 1487 751 1545 Per
765 1486 940 1547 Dominum.

197 1578 356 1641 Absolutio.
1127 1614 1133 1649 :
1350 1624 1353 1633 .

199 1660 348 1719 Dominus
364 1661 453 1720 Jesus
471 1660 617 1735 Olnis'tus,
643 1660 696 1739 qui
713 1660 792 1719 dixit
805 1660 957 1738 discipulis
977 1658 1049 1732 suis,
1072 1678 1260 1738 quaecunque
1283 1656 1353 1737 lign·

137 1740 242 1801 veritis
263 1761 352 1819 super
371 1749 491 1816 terram,
510 1751 599 1802 erunt
619 1743 712 1820 ligata
733 1749 765 1801 et
784 1742 818 1800 in
837 1741 916 1801 caelis
926 1761 934 1812 ;
954 1748 985 1800 et
1006 1759 1190 1819 quecunque
1202 1738 1353 1799 solveiitis

136 1842 226 1900 super
252 1827 371 1897 terrem,
397 1832 487 1883 erunt
513 1824 611 1883 soluta
638 1831 669 1881 et
696 1824 728 1881 in
747 1823 838 1895 caelo;
858 1823 895 1881 de
919 1840 1047 1900 quorum
1067 1840 1193 1881 numero
1213 1820 1352 1899 quamvis

136 1903 275 1981 indignos
288 1924 342 1963 nos
355 1901 418 1963 e'sse
430 1904 528 1963 volint
541 1928 546 1964 :
568 1906 631 1982 ipse
644 1924 698 1962 vos
711 1902 939 1985 absolvatffiper
952 1903 1151 1961 ministerium
1164 1900 1353 1961 nostrnmab

136 1985 275 2043 omuibus
287 1986 416 2063 peccatis
436 1987 543 2046 vestris
562 2006 744 2063 quoecuuque
765 1985 944 2062 cogitatione
965 1984 1114 2042 locutione
1127 1991 1159 2042 et
1178 1984 1353 2061 operatione

136 2065 321 2143 negligenter
337 2066 461 2145 egistisz
482 2075 514 2126 et
530 2067 569 2125 ub
589 2067 717 2125 nexibus
739 2072 926 2144 peccatorum
948 2065 1107 2138 absolutos,
1127 2084 1180 2124 vos
1200 2065 1241 2124 ad
1261 2082 1353 2143 regna

136 2147 275 2205 oaelorum
289 2146 449 2224 perducere
462 2147 611 2225 ‹liguretun
653 2148 712 2206 Per
726 2148 899 2207 Dominum.
942 2146 1084 2217 Quicum
1099 2146 1171 2206 Deo.

198 2238 312 2299 Deirule
332 2240 465 2317 sequitur
486 2239 642 2301 bendictio
660 2241 791 2301 dicei-uru-
802 2264 814 2309 ,·
845 2250 872 2300 et
890 2240 970 2299 dicat
987 2240 1170 2317 Episcopus:
1200 2238 1354 2299 Dominus

135 2318 291 2379 vobiscum
304 2328 330 2381 et
344 2322 479 2382 Orernus.

200 2412 312 2474 Oratio.

198 2494 291 2567 Dens,
306 2496 359 2573 qui
372 2514 432 2555 non
447 2503 574 2556 mortem
587 2496 639 2556 sed
649 2496 852 2575 penitentiam
866 2496 1014 2556 desideras
1027 2501 1224 2575 peceawmm,
1240 2494 1353 2575 fragili·

136 2582 232 2633 tutem
254 2576 433 2635 conditionis
456 2576 593 2636 humunre.
618 2577 826 2654 benignissime
850 2578 960 2655 respice
972 2597 982 2650 3
1005 2583 1036 2635 et
1060 2578 1113 2636 hos
1132 2576 1258 2649 cineres,
1277 2596 1353 2655 quos

136 2675 225 2715 eoum
238 2656 426 2735 liraeserendre
440 2656 619 2717 humilitatis
632 2665 723 2736 utque
743 2660 943 2735 promerendae
965 2660 1059 2717 veuiae
1079 2658 1228 2735 capitibus
1240 2657 1353 2717 nostris

137 2736 252 2815 imponi
265 2738 457 2812 decrevimus,
474 2738 686 2819 beueffidicero
703 2760 757 2817 pro
775 2746 829 2797 tus
846 2741 981 2798 bonitate
1000 2739 1149 2817 digneris:
1170 2744 1207 2797 ut
1226 2738 1281 2817 qui
1297 2758 1353 2798 nos

136 2818 267 2878 cinerem
290 2840 359 2894 esse,
375 2827 406 2879 et
429 2821 467 2880 ob
491 2822 647 2899 pruvitntis
671 2828 780 2879 nostres
805 2822 946 2878 meritum
966 2821 998 2878 in
1012 2820 1165 2898 pulverem
1179 2839 1353 2879 reversuros

136 2901 346 2977 cognoscimus,
362 2910 548 2979 peccatorum
563 2904 696 2960 omnium
710 2902 828 2961 veniam
843 2909 874 2959 et
887 2900 1009 2978 praemisi
1028 2900 1243 2979 paenitentibus
1256 2920 1355 2981 repro·

138 2982 226 3039 missu
240 2984 470 3043 misericorditer
483 2985 623 3061 consequi
637 3003 811 3042 mereamur.
853 2983 919 3041 Per.

197 3074 304 3132 Postea
316 3085 512 3151 asperpuutur
525 3078 632 3135 cinerei
646 3097 725 3152 uquu
740 3077 886 3135 herredietu
899 3086 926 3134 et
940 3076 1151 3152 uindicatum.
1194 3074 1263 3135 Hoc
1265 3075 1353 3151 fatto

128 3156 199 3293 ‚3132
202 3156 349 3311 ppppppaud
357 3157 511 3231 populum.
552 3158 667 3216 Deinde
687 3157 907 3216 ‹liutrilruautur
919 3156 1035 3217 menneo.
1076 3155 1204 3215 Interim
1216 3164 1353 3216 cantate&

199 3330 318 3387 Exaudi
332 3349 395 3401 uos,
411 3330 550 3401 Domine,
564 3331 704 3408 quonium
726 3333 854 3409 benigna
874 3339 919 3390 est
936 3331 1136 3389 misericordie
1154 3332 1230 3391 t'uat
1249 3350 1352 3391 sonun-

135 3408 207 3467 dum
222 3410 446 3469 multitudinum
462 3413 684 3470 miuuutiouuru
699 3418 821 3470 tuurum
835 3413 945 3491 respice
959 3433 1021 3484 nos,
1038 3412 1175 3473 Domine.

135 3488 185 3549 Pe.
208 3490 331 3549 Salvum
346 3512 393 3550 ruu
407 3492 460 3563 liu,
477 3492 580 3551 Deus:
604 3494 744 3569 ‹prorrium
756 3495 945 3553 intruserunt
957 3514 1042 3571 aqute
1059 3513 1153 3569 usque
1167 3492 1206 3551 ad
1219 3492 1350 3553 animum

135 3588 240 3631 uieuuu.

197 3664 362 3742 Repetutur
375 3667 559 3744 dutiplrouu.
608 3668 638 3727 l'.
660 3670 777 3727 Infixus
791 3689 858 3726 sum
872 3670 904 3726 in
918 3669 999 3727 limo,

196 3744 324 3805 Interius
342 3758 490 3824 reputatur
507 3748 682 3826 :lutipiorm
704 3750 833 3807 Exaudi.
877 3751 918 3808 Et
936 3752 978 3809 sic
994 3759 1144 3826 remotus·
1159 3750 1244 3809 diota
1263 3745 1347 3807 Anti·

129 3824 233 3903 piouu
251 3826 286 3885 iu
300 3831 365 3903 ‚uris
386 3829 479 3887 setrius
500 3831 640 3906 cupitisque
671 3830 773 3891 i'errue
798 3830 914 3889 Psalmi
932 3832 1079 3907 predicti,
1102 3849 1232 3907 preceque
1251 3848 1346 3890 ocum

133 3908 294 3985 acceperint
308 3909 439 3979 cineum·
457 3920 483 3970 et
498 3912 671 3987 iruporuudo
684 3911 791 3971 cirum
803 3932 892 3989 crepet·
905 3912 1005 3988 cupito
1017 3912 1095 3970 dicat
1106 3937 1116 3972 .·

195 3988 358 4063 Μοιιιυιιῒο,
373 3990 470 4064 humo,
485 3993 553 4069 quiu
567 3993 643 4051 riuis
656 4012 687 4051 es
700 4000 731 4051 et
745 3993 776 4050 iu
789 3993 918 4051 cinerem
932 3993 1101 4052 reverteris.

194 4070 356 4147 tirrujiuto.
364 4074 425 4146 Jiut
434 4074 577 4148 pusuuuio
585 4074 626 4131 ud
636 4074 879 4146 outiucuecrleeirr,
892 4083 918 4131 et
927 4073 1343 4151 iulracprooeaeiomportotut·

131 4150 269 4211 tes-illum
283 4153 316 4210 dr
330 4152 424 4211 cilicio
437 4174 458 4211 u
474 4154 605 4213 Iliurcuo
619 4153 702 4219 litu.
718 4152 845 4225 Amictu,
861 4154 953 4227 Stolo,
968 4164 995 4213 et
1009 4155 1168 4231 Miruipulo
1182 4156 1296 4213 iseduto.

192 4230 317 4291 Interim
330 4242 487 4293 urrrtrutur
499 4232 543 4293 ltu·
556 4244 701 4311 upra-utcu
716 4234 895 4311 dutiptrouu.

193 4312 395 4375 luuuutuurur
409 4314 522 4387 habitu,
538 4316 570 4373 iu
588 4316 686 4373 cirrum
701 4324 728 4371 ut
745 4316 860 4393 jejunio
873 4318 1045 4395 jejunemus
1063 4324 1094 4375 et
1111 4319 1261 4395 ploremus
1274 4318 1339 4373 ante

130 4390 304 4467 Douriuuru,
328 4398 400 4475 ‹puu
424 4397 553 4455 nurltuur
578 4396 741 4455 ruiurriruru
761 4405 807 4457 est
826 4398 978 4458 dinuttere
999 4405 1119 4477 peccata
1137 4406 1240 4458 nostru
1261 4396 1339 4455 Deus

128 4480 240 4535 uruter.
