2804 4920
106 342 169 408 348
567 338 665 406 Festa
687 337 840 407 Octobris.

167 505 388 647 meum
397 586 430 645 in
440 585 573 645 Eoolesia
581 586 692 663 plebis:
707 594 738 645 et
747 586 927 646 incathedra
936 585 1085 647 seniorum
1095 586 1226 646 landent
1235 604 1306 643 eum

113 669 142 728 V.
165 670 373 764 (Jonfitenntur
404 667 534 726 Domino
557 668 764 727 misericordiae
791 670 874 743 ejus:
908 675 940 727 et
966 668 1118 727 mirabilia
1145 668 1213 746 ejus
1240 666 1306 724 filiis

106 750 314 909 homlllllllliya
353 829 382 890 V.
399 829 507 888 Inclita
514 829 562 887 rir
575 828 688 888 clarens
697 829 812 889 meritis
821 830 1003 908 etsanguine
1016 830 1105 902 claro,
1115 827 1300 889 onnissorde

105 932 216 985 orrens,
237 932 257 972 a
277 931 377 972 morsu
397 912 501 970 mortis
520 930 621 969 amaro
641 919 762 989 protege
782 930 837 969 nos
856 919 941 989 grata
961 931 1055 990 prese,
1077 911 1194 972 donans
1218 927 1298 990 regna

105 992 199 1055 besta.

266 1086 429 1165 &wamia

456 1166 538 1225 Novi
551 1165 671 1242 plausus
684 1165 900 1224 incrementum

455 1248 557 1305 Affert
570 1247 624 1304 lux
637 1246 675 1304 ad
688 1253 923 1320 monumentum,

456 1328 590 1387 Praesens
604 1327 733 1404 eorporis
746 1327 894 1385 talentum

497 1408 697 1478 Qua'Thomsa
710 1407 885 1466 sustollitur.

456 1505 569 1564 Gaelum
582 1504 751 1581 gratulatur
760 1505 806 1576 ei;

457 1586 561 1644 Crevit
573 1586 661 1644 decus
675 1586 779 1644 domus
794 1585 869 1658 Dei3

456 1667 529 1725 Dies
542 1666 626 1725 adest
639 1673 747 1725 nostra
760 1664 831 1743 spei,

497 1748 576 1805 Laus
590 1748 680 1824 digna
692 1747 878 1824 persolvitur.

457 1844 549 1903 Hunc
562 1844 704 1902 honorem
718 1844 773 1902 sub
786 1844 881 1922 figura

456 1925 547 1984 Ferre
561 1926 647 1983 docet
659 1944 714 1983 nos
730 1925 892 2002 Scriptura,

457 2006 618 2064 Beatorum
631 2005 763 2083 pandens
772 2007 842 2083 jura

497 2087 557 2146 Pro
570 2087 671 2145 futuro
684 2086 785 2145 debita
795 2106 805 2159 3

457 2183 540 2242 Stola
553 2183 625 2240 bina
638 2183 799 2260 designata,

457 2264 555 2335 Quam
568 2283 635 2322 oum
649 2283 736 2322 earne
749 2263 891 2320 suscitata

456 2345 540 2403 Tune
553 2352 662 2402 natura
675 2344 835 2402 reformata

497 2425 618 2483 Vestiet
632 2445 685 2502 per
697 2425 812 2485 merita.

457 2522 589 2580 Primam
602 2524 708 2580 animas
721 2523 834 2581 sortitae

457 2603 530 2661 Post
544 2603 698 2660 decursum
712 2604 801 2678 hujus
814 2604 884 2660 vitae

458 2684 684 2760 Congaudemus
698 2686 761 2759 ejus
776 2685 833 2741 rite

498 2765 634 2822 colentes
648 2766 838 2822 memoriam:

457 2862 598 2920 Secundae
612 2884 679 2920 oum
693 2863 748 2920 hoo
762 2862 885 2920 mortale

457 2944 530 3001 Post
539 2944 686 3020 judicium
699 2944 787 3001 finale

456 3024 621 3101 Redigetur
634 3025 671 3081 ad
686 3024 796 3100 aequsle

496 3106 698 3162 Praevenimus
712 3106 843 3182 gloriam.

455 3202 643 3260 Veneramur
656 3203 688 3258 in
702 3204 840 3278 praesenti

455 3284 530 3341 Vita
543 3304 595 3359 per
609 3285 687 3359 quod
701 3284 892 3340 instrumenti

456 3364 558 3421 Sancti
571 3364 665 3440 legem
679 3366 849 3422 testamenti

496 3445 618 3502 Domini
632 3446 768 3521 perficere

455 3544 643 3601 (iuraverunt
657 3543 832 3600 resociatnm

455 3624 626 3698 Subjeetum
640 3626 862 3699 appropriatum

454 3705 633 3781 Appetitum
647 3724 699 3780 per
712 3704 850 3762 innatum

496 3785 641 3861 Optantes
655 3786 779 3843 reficere.

454 3882 543 3940 Hanc
557 3904 645 3958 quam
660 3884 767 3940 statuit
780 3890 902 3955 creator,

454 3963 578 4020 Ademit
595 3965 811 4039 praevaricator,

454 4043 647 4101 Restauravit
661 4052 813 4120 reparator

495 4124 542 4180 Ex
557 4144 671 4182 summa
684 4126 849 4183 elementia.

454 4222 512 4279 Sed
526 4222 726 4279 intercedente
740 4230 844 4295 morto,

454 4303 521 4372 Qua
535 4308 605 4359 sunt
619 4303 718 4360 fractae
732 4305 835 4362 mortis
849 4309 950 4380 portoe,

454 4383 601 4471 Restituti
615 4384 678 4459 pari
692 4392 771 4442 sorte

494 4465 603 4523 Sumus
616 4465 648 4521 in
661 4466 802 4541 potentia.
