2804 4920
497 354 593 420 Festo
614 352 821 439 Septembris.
1196 356 1259 417 319

55 516 206 576 Desidiea
218 521 310 599 stirpe
323 529 388 579 sata
402 521 526 579 Davidis
539 522 577 578 ad
590 527 705 598 sceptra
718 528 763 579 est
775 520 902 596 regenda
916 521 996 597 prole
1010 519 1183 578 fecundata:

55 597 125 656 Nec
138 602 293 676 gravidata
304 610 376 661 sunt
390 604 500 660 viscera
513 610 613 660 tamen
626 622 679 679 per
688 602 750 658 ulla
759 603 852 679 patris
864 602 1001 674 membra,
1012 601 1110 659 sodex
1120 600 1177 658 fide
1187 599 1256 658 sola
1321 616 1324 623 ·

54 679 111 736 Ab
123 700 189 738 aroe
203 703 318 741 summo
331 685 451 761 angelus
464 683 580 741 adstat:
602 683 708 754 Maria,
723 683 830 759 inquit,
845 683 931 754 alma,
949 684 1024 753 Ave,
1039 682 1126 758 plena

54 758 163 818 Gratia
176 782 299 835 summa,
311 772 342 822 et
355 765 509 823 benedicta
521 764 646 821 feminas
659 764 739 821 inter
752 783 853 822 omnes
866 764 999 840 paritura

55 841 180 919 Regem,
195 846 249 921 qui
261 846 326 903 dim
340 845 443 904 mortis
456 845 576 903 vinculo

32 963 39 973 .
55 922 222 983 Damnabit
235 928 311 985 mira
324 946 391 984 oum
405 926 547 1003 potentia,

55 1004 151 1061 Suum
165 1007 278 1083 plasma
290 1008 405 1066 solvens
418 1014 522 1085 sponte
536 1026 598 1077 sua,
612 1012 702 1082 atque
714 1007 831 1064 beatam
844 1006 957 1064 donans
970 1006 1072 1064 vitoni.

55 1085 109 1142 Fit
122 1106 193 1145 mox
207 1088 306 1165 puella
319 1089 415 1146 verbis
429 1088 557 1159 credule,

55 1166 99 1223 Et
112 1187 256 1245 puerpera
269 1176 370 1248 stupet
383 1176 413 1227 et
426 1177 507 1227 cisto

56 1247 173 1306 Natum
187 1257 305 1328 gestans
318 1251 479 1327 speciosum
492 1249 586 1307 forma
599 1255 750 1326 regentem
764 1255 871 1307 cuncta
884 1248 962 1306 orbis
976 1267 1073 1325 regna.

55 1328 133 1388 Haeo
146 1340 192 1388 est
206 1333 291 1408 virgo
303 1352 365 1389 non
378 1332 508 1408 irrigata,
523 1331 574 1388 sed
588 1330 647 1388 Dei
660 1330 756 1406 gratia
770 1330 922 1407 florigera:

56 1409 132 1469 Haec
146 1420 192 1469 est
206 1413 269 1470 sola
281 1420 454 1470 cimetorum
468 1412 547 1484 hera,
563 1419 697 1468 matema
710 1412 868 1469 obscurans
881 1410 1016 1487 piaculo:

56 1490 152 1550 Velut
166 1512 233 1550 rosa
246 1493 385 1551 decorans
397 1494 522 1570 spineto,
538 1493 579 1550 sio
593 1492 671 1568 quod
686 1492 774 1549 laedat
787 1491 832 1548 nil
845 1492 935 1549 habet
949 1490 1047 1548 Maria

56 1570 151 1649 Virgo
165 1595 171 1631 ι
193 1574 259 1632 Eva
271 1574 350 1650 qnod
364 1574 468 1631 attulit
481 1574 584 1650 prima,
600 1572 713 1631 Christi
726 1592 832 1650 sponsa
845 1573 955 1650 effugat
970 1571 1074 1629 Maria

58 1653 82 1710 0
96 1656 191 1732 virgo,
206 1655 268 1713 sola
281 1662 375 1713 mater
389 1662 478 1728 casta,
493 1662 594 1712 nostra
607 1654 731 1712 erimina

57 1733 152 1808 Solve,
168 1735 242 1793 dans
255 1756 346 1812 regini
359 1737 442 1812 queis
455 1738 541 1793 beata
554 1741 680 1812 regnant
692 1735 817 1812 agmina

58 1814 144 1873 Potes
158 1818 238 1874 enim
252 1824 367 1888 cuncta,
383 1825 417 1875 nt
431 1817 535 1874 mnndi
549 1816 658 1892 regina,
674 1823 705 1873 et
713 1818 784 1892 jnra

58 1896 131 1954 Cum
146 1898 230 1956 Nato
244 1898 343 1955 omnia
356 1898 496 1955 discernis
510 1898 542 1954 in
556 1897 677 1954 saeculn:
698 1908 729 1954 et
743 1896 824 1954 ultro

56 1977 192 2036 Subnixa
205 1999 236 2036 es
250 1979 281 2037 in
296 1979 389 2055 gloria
403 1978 564 2036 Chombim
577 1978 670 2035 electo
683 1977 894 2053 Seraphimqne
908 1976 987 2033 clara
999 1975 1123 2052 agmina.

56 2057 135 2116 Nam
150 2061 243 2134 juxta
256 2060 366 2117 Filium
380 2060 460 2117 sedes
474 2059 506 2115 in
520 2058 650 2128 dextera,
665 2059 770 2128 virtus,
785 2058 896 2134 lampas
909 2063 939 2114 et
953 2056 1074 2133 sophia:

56 2138 209 2198 Nativitns
223 2141 301 2198 unde
315 2141 422 2217 gaudio
436 2140 520 2196 nobis
533 2139 620 2196 hodie
634 2139 720 2196 affert
733 2158 841 2210 annue,

55 2219 96 2278 Et
108 2228 228 2279 resonat
241 2223 377 2279 comanis
391 2221 459 2278 aulo
473 2221 504 2276 in
518 2220 605 2277 laude
620 2226 679 2290 tua,
690 2220 773 2296 tingo
789 2218 904 2277 Maria:

54 2302 175 2359 Gaudet
187 2322 241 2378 per
254 2303 373 2360 climata
385 2302 464 2358 orbis
479 2301 609 2358 Ecclesia
622 2301 729 2372 dicens
746 2300 904 2376 Allelnya;

53 2380 142 2451 Quod
156 2390 187 2440 et
200 2383 313 2459 palatio
325 2383 388 2440 caeli
404 2383 534 2439 clement
547 2382 680 2439 dindima
693 2401 785 2457 nsque
799 2381 902 2438 dantia
915 2380 1068 2457 praeconia.

112 2479 244 2538 Initium
257 2482 351 2538 nancti
364 2481 525 2555 anityclii.
568 2480 734 2538 Secumlnm
748 2479 922 2535 Mottltoenm
934 2479 974 2551 (i.
993 2477 1086 2555 1-16).

114 2561 205 2619 Liber
218 2562 415 2638 generationis
429 2582 519 2637 neque
533 2561 574 2618 od
587 2560 639 2637 qui
653 2570 776 2617 vocatur
790 2559 933 2617 Christus.

115 2642 218 2700 Credo.

116 2723 309 2796 Offertoriwn.

114 2805 232 2862 Diffusa
255 2811 301 2863 est
323 2804 421 2881 gratia
440 2804 472 2861 in
492 2803 578 2860 labiis
602 2802 680 2875 tuis3
707 2808 862 2879 propterca
885 2801 1037 2859 benedixit
1061 2806 1091 2858 te
1116 2799 1197 2858 Dens
1221 2800 1253 2856 in

52 2892 206 2943 aeternum.

113 2966 235 3024 eicerem.

114 3046 275 3125 Unigeniti
289 3045 342 3116 tui,
357 3045 493 3117 Domine,
509 3046 594 3103 nobis
615 3052 766 3103 succurrat
787 3044 964 3115 hnnnrnites,
982 3052 1018 3101 ut
1040 3043 1092 3119 qui
1110 3048 1198 3100 natus
1215 3042 1252 3100 dc

55 3125 179 3204 Virgine
194 3127 297 3185 matris
309 3127 509 3204 integritatem
525 3146 584 3184 non
595 3127 713 3198 minuit,
726 3126 777 3183 sed
791 3126 935 3197 sacravit;
953 3126 984 3182 in
999 3123 1175 3182 Nativitatis
1189 3124 1253 3200 ejus

55 3208 222 3280 sollemniis,
238 3209 377 3266 anostris
395 3228 449 3265 nos
466 3208 589 3285 piaculis
605 3228 724 3279 exuens,
742 3207 921 3264 oblationem
935 3213 1065 3264 nostram
1085 3204 1142 3262 sibi
1163 3205 1253 3262 faciit

54 3295 208 3365 acceptam.
252 3289 311 3347 Per
324 3289 457 3347 eundem.

95 3370 264 3449 'Proesatm
308 3370 349 3427 Et
361 3377 392 3428 te
406 3371 437 3428 in
452 3370 483 3427 N
484 3369 629 3428 ntivitate.

112 3452 171 3509 l’cr
195 3460 269 3509 toton
290 3450 412 3509 octavas
430 3451 540 3509 (licitur
561 3452 660 3509 erotem
681 3448 824 3526 Proosatio
848 3458 874 3508 et
891 3449 925 3507 in
948 3458 1049 3508 octona
1067 3446 1122 3519 dio,
1142 3456 1252 3524 excepto

55 3529 136 3590 Festo
151 3532 350 3590 Emtltotionie
363 3541 469 3590 ennete
484 3532 594 3591 Crncie.

113 3612 296 3671 Oommunio.
340 3613 458 3670 Diffusa
471 3620 523 3670 est

112 3694 354 3753 postcommunio.

112 3775 305 3852 Sumpsimus,
322 3774 458 3846 Domine,
474 3774 653 3833 celebritatis
666 3793 771 3831 annum
785 3774 888 3831 votiva
906 3778 1106 3843 sacramento;
1134 3776 1248 3846 pnestn,

55 3873 229 3991 {decumum
251 3864 288 3913 ut
309 3862 340 3914 et
362 3856 532 3933 temporalis
553 3856 638 3913 nobis
660 3855 729 3912 vitre
752 3855 882 3933 remedia
905 3854 1056 3931 pnebeont
1079 3866 1109 3911 ot
1132 3859 1248 3909 aeterne.

79 3958 110 3994 er
129 3936 303 3996 Dominum.

302 4061 368 4119 Pnn
389 4061 531 4120 Ocrsvss
553 4061 755 4119 Nsrrvrmrrs
777 4077 883 4118 aalma
904 4059 1028 4116 Mirum.

111 4167 233 4225 Dicite-r
244 4166 378 4242 Officium
389 4188 455 4225 cum
468 4165 655 4225 Orationibus
665 4176 698 4223 ut
711 4167 742 4223 in
756 4165 810 4236 die,
824 4187 889 4223 cnm
902 4164 1050 4240 h'pistolia,
1063 4162 1249 4223 (frendetis,

56 4246 221 4321 offertoriis,
238 4248 506 4319 Commu-niominis,
523 4257 557 4303 ut
575 4269 667 4324 errprn
685 4257 805 4304 notatur
815 4267 869 4322 per
882 4247 1004 4303 octavas
1024 4245 1250 4320 tlsarcneptionis,

53 4348 115 4385 cnm
126 4329 265 4406 Alleluya
273 4330 408 4405 sequenti,
418 4338 444 4387 ct
455 4349 521 4386 curn
529 4329 691 4404 Sequentiis
704 4328 884 4403 sequentibus
893 4347 948 4402 per
963 4326 1092 4384 Octamw.

110 4409 260 4487 Alleluya.
312 4411 338 4468 Γ.
361 4409 457 4486 Virgo
470 4409 491 4467 J
493 4430 553 4468 esne
567 4410 686 4481 tlomit5
706 4410 789 4485 virgo
804 4409 901 4465 Deum
916 4414 946 4465 et
960 4407 1108 4465 hominem
1129 4406 1251 4485 genuit:

53 4508 147 4565 paoem
164 4491 248 4551 Deus
261 4491 399 4566 reddidit,
415 4492 447 4549 in
461 4510 491 4550 se
505 4491 695 4549 reconcilians
709 4490 769 4547 ima
782 4490 911 4546 summis.
