2804 4920
458 313 634 402 Serisapia
657 313 869 382 Omnmuuic.

327 629 1021 728 amatunammaaaasaa'
1134 745 1137 753 ,

193 831 314 890 Oaarro
334 847 392 890 rac
413 831 527 901 Parsa,
550 830 673 904 Marsa,
695 831 1142 906 Faam1nns,anoaoarsua
1237 810 1239 814 ὗ

126 954 237 1013 Oratio.

123 1034 322 1113 Omnipotens
344 1034 522 1113 sempiterne
544 1033 635 1105 Deus,
651 1034 698 1092 cui
718 1054 870 1112 nunquam
895 1035 959 1095 sine
981 1057 1032 1115 spe
1054 1040 1262 1099 misericordiae

76 1115 257 1193 supplicatur,
284 1116 446 1194 propitiare
473 1115 628 1174 animabus
661 1115 840 1174 famulorum
873 1117 1110 1198 famularumque
1133 1128 1262 1195 tuarum,

76 1203 190 1270 atrum,
214 1203 354 1269 matrum,
379 1197 515 1269 fratrum,
540 1199 682 1268 sororum,
708 1204 873 1273 parentum,
902 1198 1101 1274 fundatorum,
1131 1203 1261 1262 benefac-

76 1295 171 1349 orum,
184 1279 347 1337 amicorum
366 1284 545 1348 nostrorum,
561 1284 592 1335 et
605 1278 738 1335 omnium
758 1277 890 1336 fidelium
910 1278 1116 1340 defunctorum
1125 1302 1136 1356 ς
1155 1289 1190 1341 ut
1210 1284 1263 1362 qui

76 1356 173 1417 lehac
190 1360 307 1418 vitain
328 1359 376 1418 tui
396 1359 526 1416 nominis
546 1357 726 1417 confessione
746 1359 932 1433 decesserint,
952 1368 1121 1421 sanctorum
1140 1369 1261 1423 tuorum

76 1439 288 1499 mmerofacias
301 1440 458 1519 aggregari
501 1438 568 1498 Per.

121 1520 241 1582 Secreto.

122 1600 297 1681 Pmpitiarc,
312 1601 450 1673 Domine,
464 1621 639 1679 quaesumus,
653 1600 808 1660 animabus
827 1603 1006 1663 famulorum
1026 1603 1260 1684 famularumque

76 1698 189 1754 uarum,
213 1690 341 1761 patrum,
367 1690 507 1755 metitur,
528 1683 663 1754 fratrum,
692 1701 832 1756 sororum,
862 1691 1029 1762 parentum,
1059 1686 1259 1759 fundatorum,

76 1760 288 1835 metatorum,
309 1764 471 1822 amicorum
491 1770 715 1836 nostrorumst
734 1765 867 1822 omnium
892 1766 1024 1825 fidelium
1044 1766 1258 1842 defunctorum,

76 1858 116 1916 pro
141 1845 249 1921 quibus
276 1845 333 1903 tibi
360 1845 471 1903 hostias
497 1845 671 1922 placationis
699 1845 870 1918 offerimus,
902 1854 933 1904 et
960 1848 1031 1925 quia
1053 1848 1086 1905 in
1113 1849 1168 1908 hac
1195 1852 1260 1910 luce

76 1932 233 1984 manserunt
246 1925 402 1996 catholici,
416 1927 450 1983 in
463 1926 566 1984 sutura
578 1927 643 1982 vita
656 1925 698 1994 eis
711 1926 869 1985 retributio
883 1928 1073 1988 condonetur.
1114 1929 1181 1989 Per.

124 2006 363 2065 Poatcmnmunic.

122 2086 241 2159 Praesta,
256 2108 433 2165 quaesumus,
448 2087 635 2165 omnipotens
649 2089 739 2159 Deus,
755 2095 790 2147 ut
803 2090 918 2148 animas
931 2090 1110 2149 famulorum
1123 2091 1261 2149 famular·

76 2183 169 2244 umque
191 2176 320 2241 tuarum,
343 2175 471 2246 patrum,
491 2175 630 2240 matrum,
652 2169 788 2242 fratrum,
808 2191 951 2244 sororum,
974 2179 1139 2250 parentum,
1156 2171 1259 2230 funda·

76 2260 166 2321 nrum,
181 2249 409 2322 bencfactorum,
425 2250 586 2307 amicorum
606 2257 783 2321 nostrorum,
799 2260 830 2309 et
843 2254 976 2311 omnium
997 2254 1127 2311 fidelium
1142 2253 1260 2312 defunc·

76 2343 167 2403 orum,
181 2331 220 2388 ab
232 2331 344 2407 angelis
361 2331 435 2390 lucis
453 2338 603 2408 susceptas
622 2331 656 2389 in
675 2339 840 2408 praeparata
860 2333 1029 2393 habitacula
1048 2335 1152 2393 deduci
1169 2335 1259 2394 facias

76 2417 221 2470 meorum.
264 2411 331 2470 Per.

461 2572 523 2655 [Da
544 2591 656 2633 samaro
679 2574 856 2657 Dusarem]

120 2718 261 2794 Officium.
305 2717 418 2775 Statuit
432 2718 460 2774 ei
473 2717 627 2776 Dominus.

122 2799 229 2857 Orat-io.

119 2879 313 2957 Omnipotens
327 2879 503 2956 sempiterne
518 2880 607 2951 Deus,
622 2880 674 2956 qui
688 2880 851 2938 Ecclesiam
867 2886 951 2939 tuam
964 2880 1105 2940 doctrinis
1118 2883 1208 2942 variis
1220 2904 1255 2944 ac

76 2953 220 3019 h'tutibus
241 2960 418 3018 sanctissimi
437 2960 607 3018 confessoris
628 2961 675 3019 tui
695 2960 831 3019 Dubricii
853 2968 943 3038 atque
962 2962 1109 3039 pontificis
1128 2964 1167 3022 cd
1186 2985 1255 3043 aug·

76 3043 269 3100 tentationem
289 3061 378 3099 sacra
399 3041 468 3100 fidei
489 3041 614 3117 gloriose
635 3042 800 3100 sublimasti
810 3062 818 3113 ;
839 3042 877 3099 da
891 3043 984 3116 nobis,
998 3063 1174 3119 quaesumus,
1189 3047 1253 3121 ejus

76 3122 191 3181 necibus
214 3131 244 3180 et
267 3121 409 3198 exemplis
429 3122 462 3179 in
479 3123 661 3199 beneplacito
681 3130 734 3180 tuo
747 3123 791 3180 ita
811 3123 983 3181 innccenter
1001 3124 1110 3194 vivere,
1132 3134 1167 3183 ut
1187 3135 1254 3203 post

76 3202 145 3276 ujus
157 3204 229 3261 vitae
242 3203 372 3260 miserias
385 3203 465 3260 inter
478 3212 627 3262 consortes
647 3209 815 3262 sanctorum
835 3210 955 3262 tuorum
976 3207 1148 3265 commorari
1161 3227 1252 3268 merc-

76 3295 149 3341 mur.
192 3283 250 3342 Per
263 3283 434 3344 Dominum.

117 3363 257 3441 Eprbtoha
300 3365 375 3422 Ecce
388 3365 520 3423 sacerdos
534 3384 665 3442 magnus.

117 3444 252 3505 &edna
295 3445 432 3519 Domine,
448 3446 624 3522 praevenisti.

116 3526 263 3602 Alleluya
313 3526 342 3585 V.
364 3526 471 3584 Justus
485 3526 669 3603 germinabit.

116 3607 316 3682 annqelium.
359 3607 460 3665 Homo
473 3609 593 3685 quidam
607 3627 727 3687 peregre
739 3608 931 3688 proficiscens.

95 3685 309 3762 *Offertorium
353 3688 484 3748 Veritas.

116 3768 297 3828 Communis.
340 3769 450 3827 Beatus
463 3788 572 3828 servus.

113 4004 222 4064 orae.
588 3948 694 4033 [aa]

113 4085 203 4158 Deus,
226 4085 280 4162 qui
302 4104 354 4162 per
377 4081 581 4143 inaestimabile
605 4100 714 4140 munus
736 4081 839 4159 gratia
862 4087 922 4140 tna
945 4089 1061 4143 muetos
1082 4091 1150 4145 tuos
1175 4086 1247 4146 iacis

76 4179 114 4224 *se
133 4167 283 4246 gloriosos,
299 4171 413 4243 praesta,
428 4182 603 4242 quaesumus,
618 4167 654 4218 ut
673 4161 892 4221 interveniente
911 4162 997 4222 beato
1014 4164 1165 4237 Dubricio,
1180 4188 1246 4227 con·

76 4263 160 4307 sacre
173 4254 226 4306 tuo
239 4254 328 4324 atque
341 4247 489 4325 pontifice,
503 4262 668 4302 mereamur
680 4243 718 4301 ad
731 4243 848 4302 culmen
860 4243 1004 4303 virtutem
1017 4247 1176 4322 pervenire.

111 4400 123 4426 ¹
140 4400 193 4445 Tho
204 4397 343 4445 flocrctmd
354 4395 566 4444 Poetcommnnion
576 4393 601 4442 cl
615 4392 665 4441 tblc
673 4393 741 4443 Mass
749 4407 790 4444 ara
799 4393 904 4445 omitted.
935 4395 989 4446 'rho
999 4394 1145 4448 issara·
1158 4402 1247 4450 second

76 4457 153 4518 olna,
163 4460 254 4516 Sccmt,
263 4457 311 4505 and
321 4456 533 4506 Postccmmunion
542 4469 570 4504 aa
580 4455 606 4503 in
615 4454 657 4501 tha
667 4456 725 4504 text.

492 4534 539 4578 PF
