2804 4920
334 319 444 384 Missa
464 325 587 385 aostroe
608 315 767 383 Domt‘aae
788 317 942 384 Pietatis.
1180 323 1243 387 399

101 484 298 560 offertorium.

99 567 271 626 constitues
298 587 348 626 eos
374 567 523 644 principes
556 586 644 644 super
671 585 789 623 omnem
823 571 950 624 terram:
980 586 1123 625 memores
1156 575 1246 626 erunt

82 647 167 706 minis
187 649 235 706 tui
255 650 288 706 in
308 651 390 707 omni
410 649 549 727 progenie
570 656 601 706 et
620 646 818 726 generatione.

98 741 222 799 Secreta.

98 821 237 895 Munera,
261 822 398 893 Domine,
421 842 487 898 quae
511 842 565 899 pro
589 820 789 898 apostolorum
817 829 939 878 tuorum
967 823 1245 881 commemoratione

82 901 204 975 trimus,
218 904 365 980 propitius
377 903 499 980 suscipe,
514 910 546 961 et
558 903 636 960 mala
651 903 751 959 omnia
765 922 830 980 quae
845 922 992 960 meremur
1006 911 1113 962 averte.
1156 903 1222 961 Per.

99 994 284 1055 Communia.

97 1077 164 1135 Vos
177 1079 229 1154 qui
243 1077 337 1136 secuti
350 1079 422 1136 estis
436 1098 493 1148 me,
508 1077 540 1134 in
554 1077 786 1154 regeneratione,
801 1096 868 1133 cum
883 1077 994 1134 sederit
1008 1077 1103 1135 Filius
1117 1078 1246 1136 hominis

82 1158 153 1215 aede
167 1160 331 1234 majestatis
341 1180 409 1231 sua,
422 1159 561 1218 sedebitis
574 1172 606 1218 et
620 1178 672 1215 vos
680 1158 850 1234 judicantes
863 1157 1017 1217 duodecim
1031 1160 1127 1217 tribus
1142 1159 1244 1229 Israel,

82 1239 114 1297 =it
127 1239 283 1296 Dominus.

100 1328 345 1387 Posteommaaio.

100 1410 287 1482 Quaesumus,
309 1411 446 1484 Domine,
467 1411 646 1470 salutaribus
666 1413 773 1490 repleti
795 1413 953 1489 mysteriis,
976 1422 1012 1482 ut
1031 1433 1157 1490 quorum
1178 1413 1245 1472 soll·

82 1491 139 1548 mia
176 1491 366 1564 celebramus,
402 1512 504 1550 eorum
538 1494 721 1552 orationibus
755 1494 939 1570 adjuvemur.
992 1494 1050 1552 Per
1080 1494 1244 1554 Dominum

82 1582 186 1630 strum

354 1754 454 1812 Musa
474 1771 598 1814 rosrnn
619 1757 756 1814 Douma
777 1756 930 1815 Pramus.

102 1835 243 1909 Officium.

100 1916 237 1991 Cumque
250 1916 374 1974 vidisset
387 1916 408 1974 J
410 1936 491 1974 esum
507 1923 629 1975 matrem
651 1925 682 1976 et
702 1918 879 1996 discipulum
900 1926 1029 1978 stantem
1043 1939 1130 1997 quem
1145 1921 1246 2000 dilige

82 2003 101 2071 t,
115 1996 197 2054 dixit
210 1998 300 2055 matri
313 2017 373 2055 suae
385 2017 394 2070 ;
417 1997 537 2072 Mulier,
549 2018 615 2057 ecce
628 1999 707 2057 filius
721 2009 800 2059 tuus.

100 2077 249 2136 Paulatim.

100 2158 231 2217 Stabant
249 2160 341 2234 juxta
362 2179 476 2217 crucem
501 2161 575 2218 Jesu
595 2168 690 2218 mater
711 2162 776 2237 ojus
794 2170 825 2220 et
842 2182 924 2221 soror
943 2162 1049 2221 matris
1068 2162 1132 2239 ejus
1146 2162 1245 2222 Maria

82 2239 179 2316 eophoe
193 2247 225 2297 et
238 2240 336 2299 Maria
349 2240 533 2316 Magdalene.
577 2241 680 2300 Gloria
693 2242 787 2300 Patri

102 2321 214 2380 Oratio.

100 2402 290 2460 Interveniat
310 2421 363 2478 pro
383 2403 477 2472 nobis,
493 2423 669 2479 quaesumus,
686 2404 814 2462 Domine
834 2406 857 2463 J
858 2426 909 2463 esu
928 2406 1054 2479 Christe,
1069 2406 1148 2483 apud
1161 2412 1246 2464 tuam

82 2490 172 2541 ictam
186 2483 374 2542 clementiam
388 2504 468 2541 nuuc
481 2493 513 2541 et
526 2486 558 2541 iu
571 2484 644 2542 hora
664 2486 769 2543 mortis
783 2494 891 2543 nostrae
905 2488 1037 2562 piissima
1051 2489 1134 2565 virgo
1148 2487 1247 2545 Maria

82 2572 136 2623 tter
149 2573 225 2636 tua;
248 2566 333 2641 cujus
354 2566 582 2624 sacratissimam
603 2567 734 2624 animam
758 2567 791 2624 iu
815 2566 888 2624 hora
912 2568 1072 2625 benedicta
1097 2568 1248 2626 Passionis

82 2665 100 2703 e
119 2645 229 2703 doloris
241 2645 358 2721 gladius
380 2647 582 2722 pertransivit,
604 2654 635 2705 et
656 2648 689 2704 iu
711 2648 921 2723 gloriosissima
942 2648 1170 2706 Resurrectioue
1191 2657 1245 2707 tua

82 2745 143 2803 gens
156 2726 298 2802 gaudium
313 2727 484 2786 laetiticavit
529 2727 589 2799 Qui
603 2729 680 2785 vivis
694 2739 724 2786 et
738 2748 843 2806 regnas
853 2748 920 2786 cum
936 2729 1006 2787 Deo.

101 2820 196 2879 Lectio
211 2820 367 2879 Hieremia
380 2821 531 2897 Propltetoe
548 2821 729 2880 Tltreaorum
742 2823 780 2898 (i.
796 2823 913 2899 20-22).

102 2900 188 2967 Vide,
204 2902 343 2974 Domine,
357 2903 498 2978 quoniam
512 2903 640 2960 tribulor
652 2925 742 2979 aeque
755 2905 797 2961 ad
810 2911 841 2961 et
854 2923 904 2961 cor
917 2923 1016 2961 meum
1030 2924 1161 2962 maerens

104 2981 239 3041 Grndale

103 3061 193 3133 Deus,
223 3065 318 3121 vitam
346 3084 440 3121 meam
468 3065 646 3122 annuntiati
670 3065 748 3123 tibi:
789 3065 914 3142 posuisti
938 3065 1081 3141 lacrymas
1108 3085 1188 3124 moos
1211 3066 1244 3123 in

82 3149 198 3220 rupectu
212 3152 275 3202 tuo.

102 3224 264 3284 Exaudivit
288 3225 436 3284 Dominus
463 3245 564 3284 vocem
585 3227 673 3285 fletus
695 3228 771 3285 mci:
793 3227 941 3285 Dominus
964 3227 1128 3286 orationem
1150 3248 1243 3286 meum

82 3307 175 3382 acepit.

106 3387 250 3464 Alleluya
302 3388 330 3445 Γ.
368 3389 450 3446 Ante
464 3387 604 3447 thronum
620 3389 777 3447 Trinitatis

402 3469 548 3528 Miserum
561 3471 699 3527 miserata

403 3551 450 3608 Sis
463 3571 516 3628 pro
530 3552 614 3609 nobis
627 3551 776 3609 advocata

363 3632 489 3707 Causam
502 3641 611 3690 nostrie
625 3633 809 3709 paupertatis

406 3712 513 3770 Coram
527 3714 592 3771 Deo
606 3714 728 3783 sustine,

366 3794 407 3851 lit
420 3795 537 3852 veniam
552 3795 589 3851 de
602 3795 729 3871 pcccatis

403 3875 504 3934 Servis
518 3876 579 3934 tuis
589 3877 698 3934 obtine.

112 3950 234 4013 tractas

444 4038 552 4095 Stabat
564 4045 660 4095 mater
673 4038 806 4095 dolorosa

444 4119 544 4176 Juxta
557 4139 674 4176 crucem
688 4118 849 4189 lacrimosa,

486 4199 553 4271 Qua
566 4200 713 4277 pendebat
729 4200 831 4257 Filius.

391 4282 418 4340 Γ.
441 4281 534 4358 Cujus
547 4283 678 4338 animam
691 4288 857 4355 gementem

443 4362 677 4420 Contristantem
691 4372 722 4418 ct
735 4361 883 4419 dolentem

483 4443 681 4503 Pertransivit
696 4443 819 4520 gladius
