2806 4920
407 376 500 442 Dom.
523 376 605 443 cest.
623 384 699 464 poa
724 374 935 445 Trinitatem.
1208 382 1271 445 209

132 539 301 600 Secundam
314 541 479 604 Joltoaasn
499 545 529 620 (
519 566 553 601 ιι
571 545 621 603 46
623 546 662 601 as
663 547 689 622 )

132 622 173 679 In
192 622 244 681 illc
263 630 404 701 tempore,
419 624 493 682 Erat
512 625 634 718 quidam
653 625 781 701 regulus,
796 626 882 720 cujus
899 625 980 684 filius
999 624 1207 686 infirmabatur
1219 625 1275 686 (la

69 701 237 843 phaffim
250 725 340 780 swqatc
353 706 394 764 ad
409 706 450 764 Et
463 706 609 764 credidit'
602 725 672 783 ipse,
687 713 720 764 et
731 705 874 765 domus
849 727 913 784 eJus
926 714 999 765 tota.

211 805 228 842 o

122 863 278 939 Offirtcriv
268 888 327 924 ιιιιι.

131 946 194 1004 Vir
211 955 276 1004 erat
295 948 328 1004 in
348 955 428 1006 terra
447 948 567 1006 nominc
580 950 602 1007 J
604 948 649 1019 ob,
665 948 791 1026 simplex
811 955 842 1007 et
861 954 960 1008 rectus
979 969 1014 1008 ac
1032 951 1141 1008 timens
1156 951 1274 1011 Deum:

70 1046 160 1104 quem
174 1027 267 1085 Satan
286 1030 382 1105 petiit,
397 1036 593 1088 attentaret:
615 1036 646 1087 et
659 1029 729 1087 data
742 1038 787 1087 est
806 1036 938 1106 potestas
951 1050 970 1088 a
984 1030 1113 1089 Domino
1130 1031 1163 1089 in
1180 1030 1273 1089 facul-

70 1115 133 1167 tate
151 1115 183 1166 et
203 1109 236 1166 iu
255 1129 341 1167 mnne
361 1111 442 1186 ejus:
463 1110 649 1187 perdiditque
668 1130 786 1168 omnem
805 1112 1002 1169 substantiam
1023 1112 1116 1188 ipsius
1135 1119 1166 1170 et
1186 1111 1272 1186 filios,

70 1208 189 1247 carnem
202 1209 318 1266 quoque
332 1192 395 1267 ejus
407 1190 492 1267 gravi
505 1191 602 1250 ulcere
616 1190 793 1250 vulneravit.

130 1272 252 1330 ›S'ccreta

130 1351 286 1409 Caelestem
303 1352 389 1409 nobis
405 1353 555 1429 prebens
568 1353 631 1411 haec
644 1353 794 1430 mysteria,
809 1371 986 1430 quesumus,
1001 1352 1137 1427 Domine,
1154 1354 1271 1444 medicis

69 1451 158 1504 nam3
178 1439 210 1490 et
223 1433 298 1490 vitia
311 1434 406 1491 nostri
419 1435 550 1512 corporis
562 1441 736 1511 expurgent.
780 1434 838 1493 Por
852 1434 1024 1493 Dominum.

130 1513 275 1588 Prasatio
288 1515 455 1573 coaamuais.

132 1592 314 1653 Communia.

130 1674 171 1732 Iu
194 1676 318 1733 salutari
342 1682 394 1734 tuo
418 1677 518 1733 anima
539 1696 621 1735 moa:
642 1685 673 1735 et
693 1676 726 1734 in
745 1677 869 1735 verbum
889 1683 977 1734 tuum
996 1677 1130 1769 speravi:
1153 1676 1271 1753 quando

68 1756 158 1814 facies
170 1756 209 1813 de
221 1758 464 1833 persequentibus
477 1776 525 1815 me
537 1757 704 1834 judiciumt
723 1757 820 1833 iniqui
834 1758 978 1835 persecuti
991 1764 1141 1817 suntme:
1162 1758 1272 1835 adjuva

70 1857 127 1907 me,
144 1837 273 1895 Domine
287 1838 370 1896 Deus
383 1858 473 1898 meus

132 1918 373 1977 Postoommuarb.

130 1999 177 2058 Ut
197 2000 296 2073 sacris,
311 1999 449 2071 Domine,
466 1999 624 2057 reddamur
644 1999 728 2076 digni
748 1999 930 2073 muneribus,
947 1999 994 2059 fac
1014 2020 1076 2074 nos,
1092 2019 1268 2079 quaesumus,

69 2079 130 2137 tuis
143 2099 259 2158 semper
272 2080 390 2140 obedire
403 2081 559 2139 mandatis.
603 2081 661 2138 Per
675 2081 846 2139 Dominum.

540 2288 640 2345 Fama
662 2288 799 2357 Qusavs.

129 2400 180 2458 ald
196 2399 378 2459 Tivnotlscam
399 2400 427 2479 (l
450 2400 471 2458 i.
487 2401 579 2476 5-12).

129 2482 304 2540 carissime:
326 2481 410 2540 Finis
429 2488 529 2539 autem
543 2481 681 2558 praecepti
695 2500 786 2556 vesque
798 2481 840 2539 ad
853 2501 900 2539 me
914 2480 1093 2541 confortavit
1105 2480 1138 2539 in
1152 2481 1271 2540 Ohn'sto

74 2562 93 2621 J
94 2582 144 2621 esu
158 2563 289 2620 Domino
302 2568 412 2620 nostro.

129 2642 297 2702 Secundum
309 2643 448 2701 Marcam
460 2643 516 2719 (ia.
533 2642 649 2721 23-25).

130 2725 170 2783 In
190 2724 244 2782 illo
258 2731 399 2802 tempore,
416 2723 506 2782 Dixit
519 2724 542 2784 J
542 2743 608 2783 esus
622 2722 774 2800 discipulis
787 2724 865 2780 suis:
885 2724 994 2795 Amen,
1010 2723 1076 2781 dico
1092 2723 1184 2795 vobis,
1198 2723 1269 2799 quia

75 2805 175 2883 siquis
188 2805 303 2864 dixerit
315 2805 386 2863 huic
398 2806 496 2865 monti
509 2826 601 2882 casque
614 2806 656 2863 ad
669 2804 804 2862 dimittat
816 2802 900 2861 vobis
912 2809 1033 2881 peccata
1047 2809 1153 2862 vestm.

553 3022 653 3081 Funis
674 3021 783 3081 Snxrs.

130 3138 182 3197 Ad
193 3137 359 3198 Oorimbios
380 3137 408 3214 (l
433 3136 464 3195 ia'.
482 3137 593 3215 12-14).
1189 3164 1191 3169 =

130 3219 268 3279 Fratres:
288 3220 353 3279 Nos
373 3225 473 3277 autem
492 3237 555 3275 non
574 3217 713 3295 spiritum
725 3216 815 3294 hujus
827 3216 932 3274 mundi
946 3235 1036 3291 capsus
1049 3216 1091 3275 ud
1103 3216 1173 3293 quia
1186 3217 1270 3294 spiri·

79 3299 171 3359 aliter
184 3300 379 3359 examinatur.

129 3381 298 3441 Secundum
311 3381 449 3439 Marcam
468 3380 523 3455 (iv.
542 3379 661 3456 24-29).

130 3463 169 3521 In
191 3462 245 3521 illo
262 3468 401 3538 tempore,
425 3461 516 3519 Dixit
535 3460 625 3518 Jesus
645 3458 797 3536 discipulis
817 3458 897 3519 suis:
917 3457 1027 3518 Videte
1047 3459 1118 3536 quid
1140 3459 1268 3518 audiatis

80 3561 158 3619 ltaque
171 3543 214 3602 ad
224 3543 367 3620 quoniam
379 3542 462 3601 adest
476 3541 586 3600 messis.

260 3761 421 3820 Dounucs
440 3760 595 3819 Vlcusmn
615 3759 761 3818 srcosm
782 3773 854 3816 sosr
873 3756 1075 3816 Tamusrnu.

131 3861 269 3936 Officium.

128 3943 160 4001 Si
180 3941 354 4019 iniquitates
375 3940 583 4010 observaveris,
600 3938 727 3996 Domine
736 3956 746 4012 3
766 3936 904 4010 Domine,
919 3936 985 4014 quis
998 3936 1175 3996 sustinebit?
1193 3936 1264 4013 quia

76 4023 146 4098 apud
159 4029 191 4081 te
203 4022 376 4101 propitiatio
389 4028 443 4093 est,
458 4021 541 4080 Deus
554 4019 655 4079 Israel.

127 4104 275 4163 Psahuus.
415 4128 417 4132 ·

126 4186 173 4245 De
186 4183 342 4263 profundis
354 4183 480 4243 clamavi
492 4182 530 4240 ad
544 4189 583 4256 te,
595 4181 742 4241 Domine:
762 4178 900 4254 Domine,
914 4179 1021 4238 exaudi
1034 4197 1133 4238 vocem
1147 4198 1253 4243 meam.

125 4267 282 4408 limini
301 4352 395 4420 tuam,
410 4364 585 4423 quesumus,
601 4344 738 4417 Domine,
752 4343 894 4402 continua
913 4342 1022 4419 pietate
1042 4339 1175 4414 custodi;
1195 4350 1262 4403 uta

71 4431 178 4489 cunctis
197 4428 435 4498 adversitatibus,
448 4432 480 4485 te
495 4432 675 4503 protegente,
691 4426 730 4484 sit
749 4425 851 4499 libers,
866 4430 898 4483 et
916 4423 950 4482 in
968 4420 1053 4481 bonis
1073 4421 1188 4483 actibus
1208 4432 1262 4487 tuo

70 4510 178 4572 nomini
190 4511 232 4571 sit
243 4509 361 4572 devota.
402 4507 462 4567 Per
476 4507 647 4567 Dominum.

457 4607 478 4640 0
