2806 4920
168 291 234 354 414
561 284 740 371 Suffmpia
762 284 977 353 conmenta„

512 477 639 537 Cornua
658 477 882 536 nminem
900 493 1020 537 manis

231 559 340 619 Oratio.

231 641 296 700 Ure
310 641 377 718 igne
391 640 494 698 Sancti
513 639 643 716 Spiritus
657 659 742 697 renes
755 647 872 697 nostros
885 647 916 697 et
928 639 1017 697 eorda
1029 644 1144 708 nostra,
1166 639 1292 698 Domine
1300 661 1308 712 ;
1323 650 1350 698 nt

169 724 227 782 tibi
241 729 321 779 oasto
334 740 454 798 corpore
467 720 637 792 serviamus,
649 727 681 778 et
693 720 804 778 mundo
816 721 904 779 eorde
916 721 1093 798 placeamus
1125 720 1190 779 Per
1199 721 1351 779 Dominum

231 802 353 862 Secreto.

232 884 386 958 Dirumpe,
402 881 539 954 Domine,
553 881 673 939 vincula
685 889 871 958 peccatorum
884 888 1073 954 nostrornm3
1086 887 1124 940 nt
1136 884 1299 942 notificare
1309 883 1354 940 eti

171 965 300 1023 hostiam
310 963 406 1021 laudis
415 963 551 1021 absolute
560 963 697 1020 libertate
708 965 851 1037 possimus
857 983 865 1033 ;
878 970 909 1021 st
919 963 1001 1020 salva
1011 982 1066 1021 nos
1076 983 1131 1041 per
1139 965 1353 1041 indulgentiam,

172 1066 246 1123 quos
260 1045 399 1120 dignatus
412 1064 443 1100 es
456 1044 569 1102 salvere
582 1063 635 1121 per
647 1043 782 1120 gratiam
824 1044 884 1102 Per
897 1044 1068 1101 Dominum.

232 1125 473 1183 Postoommuoio.

234 1207 325 1276 Deus,
344 1206 463 1282 adjutor
481 1210 582 1263 noster
602 1216 633 1262 et
649 1209 806 1282 protector,
824 1205 935 1281 adjuva
953 1224 1008 1263 nos
1028 1224 1084 1282 per
1100 1206 1251 1264 virtutem
1271 1205 1357 1264 Sanoti

174 1288 303 1366 Spiritus
320 1294 374 1343 tua
390 1298 493 1343 sancte
509 1292 677 1358 mimentes;
696 1292 733 1343 ut
750 1285 885 1343 refloreat
904 1305 971 1344 earo
988 1293 1092 1344 nostra
1104 1288 1212 1365 vigore
1224 1287 1356 1379 pudicitie

173 1378 205 1428 et
222 1367 424 1426 sanctimoniae
445 1367 586 1437 novitate,
604 1374 795 1443 ereptamque
812 1366 849 1424 de
866 1385 956 1424 manu
974 1367 1109 1424 tartari
1098 1387 1134 1426 ιιι
1150 1369 1356 1426 resurrectioni

173 1449 282 1528 gaudio
291 1449 397 1525 jubens
410 1448 590 1524 presentari.
633 1446 693 1504 Per
706 1447 877 1505 Dominum.
918 1448 958 1506 In
970 1447 1098 1507 unitate.

522 1629 649 1687 Cornan
669 1628 894 1687 Ooorrmosns
914 1643 1022 1686 mas

237 1712 345 1771 Oratio.

236 1793 431 1869 Omnipotens
440 1791 596 1849 mitissime
610 1791 700 1862 Dens,
711 1791 824 1867 respice
834 1789 980 1867 propitius
989 1808 1090 1866 preoes
1099 1797 1228 1860 nostros,
1239 1795 1269 1847 et
1278 1789 1352 1845 hias

175 1876 263 1933 eorda
283 1881 384 1932 nostra
401 1874 438 1931 de
456 1872 602 1930 malarum
620 1872 786 1930 tentatione
802 1871 1034 1947 eogitationum5
1057 1876 1094 1927 ut
1118 1869 1223 1928 Sancti
1244 1870 1352 1945 Spiritu

174 1957 298 2034 dignum
312 1955 378 2012 fieri
390 1953 594 2012 habitamrlum
608 1972 780 2010 mereamur.
823 1952 881 2010 Per
894 1951 1067 2009 Dominum.
1111 1948 1152 2009 In
1163 1952 1286 2008 unitate

233 2038 355 2097 Secreto

235 2118 302 2175 Has
315 2117 380 2187 tibi,
393 2116 521 2174 Domine
535 2114 626 2186 Deus,
638 2113 788 2172 offerimus
801 2113 972 2183 oblationes,
984 2131 1037 2189 pro
1050 2112 1148 2171 sainte
1165 2120 1278 2181 nostru
1289 2128 1351 2186 pree

174 2206 269 2268 entes,
291 2205 327 2255 ut
349 2198 462 2254 animas
486 2203 602 2253 nostres
629 2194 758 2270 Spiritus
785 2195 888 2253 Sancti
913 2194 1010 2270 gratia
1035 2192 1208 2252 illuminare
1233 2191 1350 2268 umus

176 2281 317 2357 quatinus
330 2299 347 2335 a
361 2277 590 2353 oogitntionibus
604 2276 691 2333 malis
709 2283 764 2333 tus
782 2276 892 2352 pietate
908 2275 1076 2333 liberemur.
1119 2274 1180 2333 Per
1199 2274 1349 2332 Dominum

177 2360 218 2418 In
230 2360 354 2416 unitate

236 2438 478 2497 Postoommuoio.

240 2521 299 2578 Per
311 2520 366 2576 hoe
368 2538 566 2594 ,quesumus
581 2517 719 2587 Domine,
733 2518 907 2574 sacrificium
921 2516 998 2592 quod
1014 2523 1073 2574 tute
1088 2517 1250 2576 obtulimus
1268 2514 1350 2588 majos

179 2602 245 2672 tati,
265 2603 303 2658 ab
321 2602 458 2657 omnibus
479 2600 565 2656 cordi
586 2608 687 2655 nostra
706 2599 833 2654 emunda
855 2599 1077 2667 tentationibus,
1099 2608 1136 2656 ut
1155 2599 1250 2675 gratis
1268 2592 1348 2653 Sancti

180 2647 273 2760 Spiiit
275 2703 309 2739 us
323 2683 405 2758 digni
419 2682 585 2739 efficiamur
630 2680 689 2736 Per
703 2679 873 2736 Dominum.
916 2680 953 2736 In
968 2681 1092 2735 unitate.

688 2858 754 2916 Pao
775 2858 868 2916 Para

241 2943 349 3000 Oratio.

240 3024 330 3093 Deus,
351 3022 480 3079 fidelium
499 3020 631 3078 omnium
650 3026 750 3095 pastor
766 3027 796 3076 et
814 3027 918 3092 rector,
937 3019 1080 3077 famulum
1098 3027 1186 3076 tuum
1200 3020 1238 3076 N.
1254 3026 1282 3076 et
1301 3034 1349 3092 pat·

180 3111 283 3175 torem,
302 3124 389 3180 quem
413 3103 548 3159 Ecclesite
572 3110 630 3158 tute
655 3121 776 3177 Jiraeesse
798 3102 926 3164 voluisti,
949 3102 1094 3178 piopitius
1118 3103 1247 3177 roepice3
1272 3100 1304 3155 ds
1322 3096 1350 3155 ei.

178 3205 352 3260 quaesnmus,
366 3185 455 3240 verbo
469 3191 499 3240 et
513 3183 647 3258 exemplo
661 3183 702 3238 eis
713 3183 820 3257 quibus
836 3190 939 3257 praeest
952 3182 1099 3259 proficere,
1111 3191 1148 3238 ut
1161 3183 1198 3239 ad
1210 3184 1297 3238 vitam
1306 3196 1352 3234 una

179 3285 245 3321 cnm
260 3286 346 3339 grege
360 3266 417 3321 sibi
431 3265 541 3321 credito
557 3264 709 3340 perveniat
723 3264 938 3338 sempiternam.
981 3263 1038 3320 Per
1053 3262 1225 3322 Dominum

240 3348 359 3401 Secreta.

240 3426 362 3493 oblatis,
375 3424 510 3494 Domine,
523 3424 636 3500 placore
649 3425 820 3481 muneribus
831 3445 838 3494 ;
853 3431 883 3481 et
896 3425 1039 3481 famulum
1051 3432 1136 3481 tuum
1149 3425 1200 3494 X,
1213 3444 1295 3500 quem
1305 3438 1353 3497 put

180 3515 272 3565 torem
283 3506 520 3582 populotuoesse
529 3506 779 3576 voluisti‚assidua
788 3507 967 3581 protectione
975 3507 1114 3581 guberna
1140 3505 1351 3563 PerDominum·

240 3587 479 3645 Pesteommunio.

242 3669 316 3725 Haec
330 3689 390 3737 nos,
407 3686 581 3742 quaesumus,
597 3667 733 3735 Domine,
748 3666 842 3723 divini
856 3666 1028 3723 sacramenti
1049 3667 1197 3742 pereeptio
1217 3668 1351 3742 protegat

181 3759 211 3808 et
231 3751 374 3806 faumlum
395 3758 480 3804 tuum
496 3747 545 3817 N,
561 3768 649 3823 quern
673 3758 819 3823 pastorem
843 3747 977 3803 Ecclesiae
996 3755 1055 3803 tuae
1079 3748 1210 3819 voluisti,
1225 3767 1282 3804 una
1301 3759 1353 3801 cun

181 3832 332 3888 commisso
346 3850 431 3906 grege
444 3829 539 3886 salvet
552 3849 667 3905 semper
679 3837 710 3885 et
723 3830 845 3884 muniat
889 3828 947 3884 Per
961 3829 1131 3885 Dominum

584 4008 649 4065 Pao
671 4008 819 4064 Esiscoro
841 4023 980 4064 vivnnrn

244 4089 351 4146 Oratio.

243 4169 383 4240 Concede,
406 4189 581 4245 quaesumus,
603 4169 739 4238 Domine,
760 4169 870 4225 famulo
894 4174 946 4225 tuo
966 4167 1095 4225 antistiti
1115 4176 1225 4239 nostro,
1246 4175 1279 4225 ut
1300 4180 1353 4241 prr

182 4250 305 4307 diosndo
326 4263 356 4307 et
370 4248 530 4307 exercendo
545 4271 609 4326 quae
624 4258 704 4306 rocta
717 4256 795 4319 sunt,
816 4250 950 4326 exemplo
964 4249 1107 4306 bonorum
1128 4269 1247 4326 operum
1262 4249 1352 4304 anina

182 4351 302 4388 suorum
323 4333 451 4388 instrunt
465 4332 658 4402 subditorum,
674 4337 704 4386 et
725 4338 840 4386 aeternin
862 4331 1104 4389 remunerationis
1125 4331 1283 4389 msoeedem
1300 4333 1352 4384 att

182 4412 313 4487 piissimo
326 4422 441 4488 pastore
457 4413 607 4490 percipiat
649 4411 708 4470 Per
721 4410 891 4470 Dominum
