2804 4920
525 273 622 340 Festo
642 272 852 360 Septembris.

216 483 403 545 Ssucroruu
425 483 523 544 Puorr
545 501 583 544 rr
603 484 796 555 Hrscmrm,
818 500 998 557 nmmos,
1019 483 1165 542 mensorio.

579 585 634 664 (iii
650 584 696 644 Id
713 584 808 663 Sept.)

152 662 262 722 Oratio.

150 744 238 803 Beati
259 745 346 804 Pmti
366 765 429 817 nos,
444 747 581 819 Domino,
596 753 627 805 et
642 745 810 822 Hyacinthi
829 747 930 805 foveat
948 745 1078 823 pretioso
1097 742 1248 815 confessio,
1263 747 1294 801 et

87 824 140 901 pis
149 826 264 901 jugiter
276 826 446 886 intercessio
460 834 588 887 tueatur.
630 827 690 886 Per
703 828 876 887 Dominum.

151 926 403 1063 Degestdnctorum
422 1012 589 1081 martyrum
605 1010 726 1062 tuorum
745 1003 832 1063 Proti
851 1010 882 1063 et
902 1003 1071 1081 Hyacinthi
1088 1021 1294 1062 commemoro·

90 1084 174 1142 tione
197 1103 321 1144 munera
345 1087 410 1158 tibi,
435 1086 572 1157 Domine,
596 1106 661 1164 quae
684 1086 832 1157 debemus,
855 1085 1054 1158 exsolvimus;
1078 1091 1195 1162 prtests,
1219 1104 1296 1161 quse·

88 1184 202 1236 sumus,
216 1172 253 1223 ut
265 1166 429 1226 remedium
443 1167 528 1225 nobis
542 1173 691 1245 perpetum
705 1166 810 1225 solutis
823 1172 989 1243 operentur.

152 1263 396 1323 Postcommunio.

154 1343 201 1402 Ut
226 1354 366 1423 percepta
395 1364 459 1416 nos,
488 1345 625 1418 Domine,
653 1352 706 1403 tue
732 1352 834 1405 soncts
860 1344 1029 1423 purificent,
1050 1344 1130 1402 besti
1154 1343 1240 1402 Prcti
1266 1350 1298 1402 st

92 1422 269 1563 Iglygcsffli,
285 1445 461 1503 qusesumus,
476 1426 615 1504 imploret
633 1426 737 1485 oratio.
779 1427 839 1486 Per
857 1426 1021 1485 Dominum
1039 1433 1174 1484 nostrum
1188 1425 1210 1485 J
1212 1444 1295 1484 esum

253 1676 293 1735 Iu
313 1677 534 1737 Emrsmoun
554 1693 677 1736 seucum
697 1678 816 1738 Crucrs.
861 1679 957 1756 (xviii.
974 1679 1043 1738 Kal
1060 1678 1139 1757 Oct.)

154 1818 294 1893 Officium.
337 1818 403 1876 Nos
415 1825 512 1877 cutem
528 1818 655 1897 gloriari

154 1911 264 1970 Oratio.

155 1991 248 2064 Deus,
262 1992 315 2068 qui
329 2011 383 2049 nos
396 1991 540 2050 hodlcmn
549 1993 597 2051 die
608 1993 811 2051 Exultationis
821 2002 930 2052 sanctae
941 1994 1045 2052 Crucis
1054 2014 1154 2052 onnus
1163 1993 1298 2052 sollemn-

93 2073 168 2131 itate
188 2072 329 2144 laetiflcos,
348 2078 463 2149 proests,
483 2094 658 2150 quaesumus,
677 2082 713 2131 ut
733 2075 819 2151 cujus
839 2075 1014 2151 mysterium
1031 2075 1064 2132 in
1080 2082 1162 2134 terro
1175 2095 1298 2152 cognor-

92 2156 180 2223 imus,
194 2155 259 2231 ejus
272 2154 484 2230 redemptionis
497 2155 618 2232 praemis
631 2156 771 2232 consequi
784 2175 958 2214 mereamur.
1001 2156 1067 2215 Per.

154 2249 299 2309 Metuonis
312 2253 347 2310 de
360 2252 541 2327 martyribus
555 2251 687 2312 Cornelio
700 2263 726 2311 ct
741 2252 899 2330 cypriano.
943 2253 1053 2313 Oratio.

155 2332 367 2391 Infirmitatem
402 2340 543 2405 nostram,
572 2353 748 2411 quaesumus,
778 2334 915 2406 Domine,
944 2336 1090 2412 propitius
1123 2335 1243 2413 respice,
1267 2342 1298 2393 ct

92 2412 173 2472 mals
186 2414 287 2471 omnis
300 2433 366 2490 quse
382 2415 465 2490 juste
479 2433 634 2487 meremur,
650 2422 820 2473 sanctorum
839 2423 1005 2493 martyrum
1026 2424 1147 2475 tuorum
1169 2416 1299 2475 Cornelii

89 2504 125 2553 et
140 2493 283 2571 Cypriani
295 2494 503 2553 intercessione
516 2504 623 2554 averte
667 2496 726 2555 Per
739 2497 904 2556 Dominum
917 2505 1061 2556 nostrum.

156 2590 333 2651 Colossenses
345 2592 395 2668 (ii.
413 2592 507 2669 9-15).

155 2673 295 2734 Fratres:
324 2672 363 2730 Iu
385 2672 504 2732 Christo
528 2674 646 2733 habitet
672 2696 763 2752 usquc
784 2676 826 2735 ad
844 2676 942 2753 palem
963 2676 1151 2754 triumphans
1175 2675 1241 2733 illos
1264 2676 1298 2732 in

91 2755 259 2832 semetipso.

157 2848 293 2906 Grmlalc.

157 2929 294 2988 Christus
314 2928 409 2986 fuctus
429 2935 474 2987 est
492 2949 545 3007 pro
563 2931 649 2989 uobis
666 2931 805 2990 obediens
826 2950 919 3010 usque
939 2930 978 2989 sd
999 2935 1144 3005 mortem;
1171 2935 1298 2989 mortem

91 3017 195 3070 autem
210 3010 312 3068 crucis.

100 3093 130 3150 V.
158 3091 286 3168 Propter
299 3090 379 3168 quod
391 3097 422 3149 et
436 3093 518 3152 Deus
537 3092 684 3151 exaltavit
703 3093 807 3153 illum:
831 3101 862 3152 et
874 3093 957 3152 dedit
970 3093 1015 3151 illi
1028 3112 1146 3166 nomen,
1162 3093 1242 3169 quod
1255 3099 1299 3151 cst

91 3191 511 3327 supeffirlryssnomffinmoe
532 3254 657 3332 lignum,
678 3255 776 3313 dulces
797 3256 903 3326 clavos,
923 3254 1021 3313 dulcis
1043 3255 1139 3314 ferens
1160 3255 1299 3333 pondera,

92 3355 162 3414 quse
176 3333 239 3392 solu
252 3333 337 3391 fuisti
350 3334 440 3412 digus
453 3335 598 3394 sustinere
611 3355 709 3414 regem
724 3337 861 3394 crelorum
878 3344 909 3394 et
923 3337 1095 3395 Dominum.

155 3432 323 3510 Sequentia.

426 3514 542 3573 Loudes
557 3514 659 3572 Crucis
672 3515 844 3573 attollamus

426 3595 491 3653 Nos
505 3596 557 3672 qui
571 3596 674 3654 Crucis
689 3596 872 3655 exsultemus

466 3677 591 3753 Specioli
612 3677 706 3753 gloria
715 3698 724 3750 3

425 3757 521 3815 Dulce
536 3757 626 3815 melos
644 3759 741 3834 pulset
755 3757 858 3831 caelos3

426 3838 521 3896 Dulce
534 3838 649 3916 lignum
663 3839 742 3898 dulci
755 3839 879 3918 dignum

466 3919 620 3978 Credimus
639 3921 773 3978 melodis.

425 3999 503 4059 Voci
516 4002 580 4058 vite
593 4021 653 4058 nou
667 3998 813 4060 discordet
824 4023 832 4075 ;

427 4081 504 4139 Cum
517 4102 578 4140 vox
591 4083 685 4140 vitem
702 4103 763 4141 non
775 4082 933 4156 remordet,

465 4163 570 4221 Dulcis
583 4170 628 4221 est
640 4165 823 4242 symphonia.

425 4244 511 4302 Servi
526 4244 628 4302 Crucis
642 4246 766 4303 Crucem
780 4245 912 4318 laudent,

426 4325 486 4395 Qui
500 4345 552 4401 per
566 4325 689 4383 Crucem
704 4326 761 4384 sibi
774 4328 905 4405 gaudent

467 4405 548 4465 Vitae
562 4406 627 4465 dsri
643 4426 774 4466 munera.
