2804 4920
181 363 245 431 ³5³4
615 363 711 431 Festo
732 332 935 431 Novembiis.

240 532 408 591 Secundum
421 529 588 590 Jomnmm
602 531 658 607 (oi.
674 531 790 608 37-39)

239 613 278 671 In
298 612 350 670 illo
370 619 509 691 tempore,
529 612 618 670 Dixit
637 612 727 671 Jesus
746 612 898 689 discipulis
918 612 998 684 suis;
1021 611 1118 670 Omne
1132 609 1215 689 quod
1236 610 1290 668 dat
1308 608 1370 667 milri

180 693 270 752 Pater
283 715 374 769 aeque
387 696 427 752 cd
442 695 482 751 Et
495 713 549 771 ego
562 693 741 751 resuscitabo
755 713 823 750 eum
837 693 870 750 in
883 693 1044 751 novissimo
1056 692 1113 752 die.

242 774 436 849 offertorium.

242 855 371 913 Domine
378 857 400 914 J
402 876 462 928 esu,
472 875 525 913 rex
535 854 645 933 gloriae,
656 853 751 912 libera
759 854 873 912 animas
884 855 1016 913 omnium
1029 853 1164 913 fidelium
1174 854 1366 912 defunctorum

179 936 217 995 de
239 956 330 994 manu
353 937 464 995 inferni
487 937 575 995 etde
596 935 742 1013 profundo
767 936 840 993 lacu.
883 936 992 993 Libers
1013 955 1062 994 eas
1085 935 1123 993 de
1144 955 1195 993 ore
1218 935 1315 1007 leonis,
1335 952 1365 991 ns

178 1018 334 1076 absorbeat
357 1037 405 1076 eas
427 1017 585 1088 Tar-taum
610 1037 647 1074 ne
671 1016 779 1073 cedant
802 1017 835 1075 in
859 1017 981 1074 obscura
1004 1016 1195 1075 tenebrarum
1220 1016 1301 1074 loos:
1322 1013 1362 1071 sed

178 1098 300 1175 signifer
319 1104 439 1156 sanctus
459 1097 589 1156 Michael
609 1103 798 1174 repraesentet
818 1117 866 1155 eas
882 1098 916 1154 in
928 1097 1024 1156 lucem
1044 1103 1178 1156 sanctam
1198 1116 1288 1174 quam
1305 1095 1363 1153 olim

178 1179 309 1237 Abrahae
323 1179 486 1256 promisisti
498 1184 529 1237 et
542 1179 648 1236 semini
661 1179 734 1254 ejus.

237 1270 377 1331 Sacerdos
389 1271 530 1330 cclsbrmes
542 1271 677 1342 Missam,
693 1271 808 1328 calicem
821 1270 941 1342 elevans,
956 1271 1051 1330 devote
1064 1271 1153 1346 dicat,
1167 1271 1220 1329 loc
1232 1270 1329 1329 niodo:

233 1559 445 1616 Hosti-es
486 1562 517 1614 et
557 1575 683 1633 pre-ces
714 1556 802 1614 ti-bi
831 1556 1007 1628 Do-mi-ne,
1038 1556 1073 1614 of
1095 1591 1106 1600 -
1129 1556 1175 1615 fer
1202 1590 1214 1600 -
1238 1556 1348 1613 i-mm

239 1670 356 1729 Chorus
368 1670 546 1746 respondeat.

238 1751 284 1808 Tu
297 1752 412 1828 suscipe
425 1771 479 1828 pro
492 1749 647 1807 animabus
667 1749 726 1806 illis
747 1769 874 1826 quarum
894 1748 981 1807 hodie
995 1750 1168 1808 memoriam
1180 1749 1311 1827 agimus5
1326 1747 1364 1805 ise

176 1851 235 1904 eas,
251 1831 389 1926 Domine,
404 1833 440 1890 de
458 1836 554 1889 morto
567 1831 693 1888 transire
709 1831 747 1888 ad
761 1831 863 1902 vitam,
879 1851 967 1907 quam
981 1831 1054 1888 olim
1073 1830 1206 1889 Abrahso
1219 1827 1364 1908 promisisti

176 1919 208 1972 et
222 1933 471 2055 sgniiiiliiiiiiidos
488 1991 632 2051 celebrum
647 1991 741 2051 dicit:
763 1992 855 2051 Orate
874 1992 988 2063 fratres,
1004 1992 1108 2051 Reciso·
1125 1991 1219 2052 omri
1237 1991 1363 2069 imipiel:

175 2075 322 2152 Requiem
336 2080 478 2132 aeternsm
492 2075 570 2132 dona
582 2073 633 2144 eis,
648 2072 794 2131 Domine:
817 2073 860 2130 Et
872 2073 926 2130 lux
940 2080 1083 2150 perpetus
1096 2073 1195 2132 luceat
1208 2074 1258 2133 eis

236 2156 370 2307 {iiia
383 2255 557 2312 quaesumus,
568 2235 705 2306 Domine,
717 2254 791 2310 quas
801 2234 858 2292 tibi
872 2255 924 2311 pro
938 2236 1093 2294 animabus
1100 2236 1236 2293 omnium
1248 2233 1360 2292 fidelium
1395 2274 1398 2299 2

173 2317 384 2375 defunctorum
397 2317 554 2390 offerimus,
567 2316 747 2394 propitiatus
760 2316 890 2387 intende,
902 2323 938 2373 ut
951 2318 1060 2393 quibus
1074 2316 1144 2374 fidei
1158 2317 1296 2375 meritum
1306 2333 1359 2373 oon·

177 2398 286 2470 tulisti,
300 2398 390 2455 dones
404 2403 436 2454 et
448 2399 612 2474 praemiom.
655 2396 721 2456 Per.

240 2477 423 2539 Communis

200 2640 207 2654 υ
238 2560 305 2617 Lm(
327 2566 437 2617 aeterna
454 2558 551 2617 luceat
573 2559 624 2630 eis,
640 2558 778 2632 Domine,
800 2579 867 2617 cum
888 2560 998 2617 sanctis
1018 2558 1080 2617 tuis
1093 2559 1128 2617 in
1141 2565 1291 2631 aetcrnnm,
1303 2554 1356 2632 φύε

178 2661 481 2781 Pluiniislcommunio.

239 2804 415 2874 AnimabuS,
432 2823 609 2879 quaesumuS,
622 2802 758 2873 Domine,
772 2803 904 2858 omnium
918 2802 1051 2859 fidelium
1064 2801 1269 2860 defunctorum
1281 2796 1353 2857 oratio

177 2887 313 2960 proficiat
338 2884 586 2961 supplicantium;
616 2891 651 2939 ut
675 2903 722 2939 ens
745 2890 776 2939 ot
797 2905 815 2939 a
837 2884 963 2958 peccatis
985 2884 1123 2940 omnibus
1148 2903 1246 2954 exuas,
1266 2888 1292 2939 et
1309 2887 1352 2935 tus

176 2967 388 3043 redemptionis
401 2966 490 3021 facias
504 2985 567 3022 csse
580 2965 745 3039 participes.
790 2965 849 3032 Qui
863 2964 946 3021 vivis.

239 3048 303 3105 Hoc
316 3048 435 3105 Festum
448 3065 619 3120 pressiusque
633 3045 679 3102 die
694 3045 852 3119 contiqerit,
867 3045 909 3102 ibi
923 3043 1082 3104 celebretur.

310 3287 349 3344 Iu
370 3287 468 3345 Fnsro
489 3301 613 3344 seueris
626 3284 848 3353 Wnunruenm,
870 3300 1005 3340 emenus
1027 3300 1247 3342 ermricus

645 3390 699 3468 (iii.
715 3389 792 3446 Non.
808 3388 840 3445 N
841 3387 901 3465 ov.)

242 3523 382 3598 Officium.
426 3523 478 3580 Me
492 3528 724 3599 expectaverunt
737 3528 910 3597 peccatores.

244 3606 353 3663 Oratio.

242 3686 333 3757 Deus,
348 3686 400 3761 qni
420 3685 537 3742 beatum
557 3683 702 3760 virginem
723 3688 806 3739 tuem
821 3682 1030 3740 Wenolredsm
1051 3689 1118 3760 post
1139 3684 1242 3761 ospitis
1260 3675 1352 3739 abscisi·
1394 3676 1398 3747 l

176 3788 268 3829 onem
291 3773 345 3824 tua
366 3767 499 3842 potentia
523 3765 687 3822 redivivam
709 3764 773 3819 ficri
796 3764 1043 3839 praecepist15fm
1064 3784 1127 3836 nos,
1150 3781 1313 3842 quaesumns,
1329 3774 1353 3814 sl

180 3849 406 3919 interveniente,
422 3848 492 3904 vitoe
517 3846 670 3922 praesentis
693 3846 804 3920 pariter
828 3852 858 3901 et
882 3846 990 3902 futures
1017 3845 1149 3903 subsidia
1171 3844 1352 3905 convenienter
1393 3828 1398 3891 l

178 3931 312 4009 adipisci.
355 3929 421 3986 Per.
1393 3896 1398 4003 l

242 4010 383 4088 Epistola.
427 4008 555 4066 Domine
569 4006 650 4065 Deus
664 4026 753 4063 meus
1393 4006 1398 4045 i

243 4091 379 4151 Gradale.
421 4089 596 4165 Adjuvabit.
647 4088 675 4145 V.
699 4088 852 4145 Fluminis.

243 4174 392 4249 Alleluya.
441 4171 469 4228 V.
494 4171 568 4227 Haec
581 4176 626 4227 est
640 4170 723 4244 virgo
736 4170 858 4245 sapiens.

242 4253 443 4329 evangelium.
487 4250 589 4308 Simile
603 4257 647 4306 est
661 4270 783 4324 regnum
798 4250 935 4308 caelorum
950 4250 1097 4311 thesauro.

244 4336 436 4410 Offertmium
481 4332 650 4391 Offerentur
664 4332 724 4407 regi
739 4332 875 4408 virgines.

242 4417 363 4475 Secreto.

240 4496 360 4573 Oblata,
374 4495 511 4569 Domine,
527 4513 650 4553 munera
670 4499 729 4551 tuae
750 4493 911 4569 majestatis
932 4494 1044 4555 virtute
1063 4496 1221 4571 sanctifica,
1235 4500 1265 4555 et
1280 4493 1355 4552 been
