2804 4920
109 340 153 411 70
476 336 581 404 Hetd.
596 336 642 403 ir.
660 334 940 421 Quadrupeeimoe.

171 505 367 645 {manga
380 606 418 644 ex
428 591 515 663 sputo
525 586 681 659 Dominus,
691 591 723 643 et
731 585 832 643 linivit
839 583 939 643 oeulos
951 602 1030 643 meos
1041 603 1049 642 :
1065 587 1097 641 et
1109 580 1182 656 abii,
1192 586 1225 641 et
1236 580 1306 654 lavi,

109 675 142 727 et
154 668 225 737 vidi,
240 676 271 726 et
283 667 395 725 credidi
409 667 481 725 Deo,

170 762 438 919 &mimive
451 841 635 918 sumpsimus,
651 841 779 899 Domine
793 840 875 899 Dens
887 845 996 911 noster,
1010 843 1041 898 et
1053 836 1239 916 spiritalibus
1251 854 1302 893 nos

109 923 242 1001 repleant
265 923 419 995 alimentis,
446 930 477 981 et
500 923 699 1000 corporalibus
719 928 862 980 tueantur
882 920 1009 979 auxiliis.
1058 920 1118 979 Per
1130 918 1299 977 Dominum.

169 1021 265 1098 Srprer
273 1022 424 1097 pepulere

169 1101 298 1161 Peteent
310 1122 395 1160 eures
407 1102 613 1160 misericordiae
627 1109 695 1174 ture,
710 1102 847 1171 Domine,
862 1100 997 1179 precibus
1009 1097 1257 1177 supplicantium
1274 1102 1303 1155 et

108 1184 498 1323 ptepeffippiipilrlxiesiderate
507 1183 712 1255 concederesne
722 1202 780 1256 eos,
791 1202 857 1259 quse
870 1183 927 1240 tibi
940 1187 1011 1239 sunt
1021 1180 1138 1259 plsoite,
1147 1178 1300 1257 postulare.

580 1414 681 1471 Fnurs
702 1413 832 1482 Quium

170 1521 195 1580 0
218 1520 311 1579 'eiu-ern

168 1521 301 1660 Lieltetur
314 1621 364 1659 cor
376 1601 570 1678 quaerentium
590 1600 771 1659 Dominum:
792 1598 916 1675 quaerite
930 1596 1102 1670 Dominum,
1112 1602 1144 1654 ct
1156 1594 1299 1653 confirme-

108 1683 200 1740 mini:
221 1683 344 1759 quoerite
357 1682 461 1740 faciem
475 1683 538 1757 ejus
551 1700 673 1758 semper.

169 1764 314 1821 Psolmus.

169 1844 360 1903 confitemini
369 1843 507 1917 Domino,
520 1849 551 1902 et
563 1843 698 1901 invocate
708 1861 816 1900 nomen
826 1843 906 1918 ejus:
927 1840 1105 1899 annuntiate
1112 1838 1195 1897 inter
1202 1842 1298 1916 gentes

109 1945 198 2003 opere
210 1927 280 2002 ejus.

170 2006 278 2065 Oratio.

168 2086 288 2159 Pircsta,
304 2106 480 2163 quaesumus,
500 2085 627 2143 Domine
649 2091 684 2143 ut
706 2104 779 2161 quos
802 2084 919 2161 jejunis
940 2084 1041 2141 votiva
1063 2082 1220 2157 cestigeut,
1242 2080 1298 2157 ipss

108 2187 225 2245 quoque
239 2168 358 2225 devotio
371 2175 472 2224 sancta
485 2166 623 2238 laetificet,
639 2172 675 2223 ut
694 2167 829 2224 terremis
849 2165 1003 2224 effectibus
1023 2163 1169 2240 mitigetis
1189 2160 1300 2221 facilius

107 2248 234 2306 oaelestis
253 2248 410 2323 capiemus.
450 2246 510 2304 Per
530 2247 700 2304 Dominum.

168 2345 264 2402 Lectio
279 2345 346 2401 liert
362 2345 469 2418 Repum
485 2343 521 2420 (4
542 2345 578 2402 ic.
596 2345 710 2421 25-38).

168 2424 208 2482 In
228 2425 331 2482 diebus
351 2424 419 2495 illis,
441 2424 536 2482 Venit
558 2425 664 2482 mulier
686 2425 849 2484 Struemitis
866 2425 904 2481 ad
923 2423 1062 2481 Elisaeum
1080 2421 1256 2499 prophetem
1272 2419 1301 2477 in

105 2513 235 2563 montem
258 2505 386 2563 Carmeli
403 2524 493 2580 usque
515 2507 555 2562 od
572 2505 701 2582 tulitque
726 2508 821 2563 filium
845 2524 940 2577 suum,
962 2512 993 2563 et
1017 2523 1130 2581 egresse
1152 2510 1205 2561 est
1248 2500 1303 2561 Eli·

106 2606 180 2643 saeus
193 2606 263 2643 vero
278 2605 411 2644 reversus
424 2593 469 2643 est
482 2585 514 2642 in
529 2584 659 2662 Gelgslu„

169 2666 301 2725 Grodale.

167 2748 300 2824 Respice,
310 2747 448 2820 Domino,
459 2748 491 2804 in
505 2753 715 2805 testamentum
728 2754 832 2804 tuum:
850 2753 881 2804 et
891 2747 1003 2804 enimes
1013 2765 1179 2823 pauperum
1189 2752 1306 2804 tuorum

107 2849 145 2887 ne
158 2830 338 2886 obliviscaris
353 2830 385 2886 in
398 2829 494 2886 finem.

113 2910 142 2968 Γ.
168 2910 296 2985 Exurge,
320 2909 456 2982 Domino,
481 2915 512 2967 et
538 2909 639 2985 judicu
669 2929 785 2966 causum
806 2916 908 2966 tuam:
936 2927 1048 2966 memor
1071 2913 1135 2965 esto
1159 2904 1307 2985 opprobrii

107 3009 258 3047 servorum
271 3000 399 3046 tuorum.

168 3084 369 3158 Erarrpeliuer.
412 3083 579 3141 Secundum
592 3083 619 3138 J
617 3084 758 3141 ohannem
778 3086 818 3149 (r.
838 3085 951 3161 17-29).

169 3164 208 3220 In
229 3165 280 3220 illo
300 3175 438 3240 ternpore,
455 3165 543 3221 Dixit
564 3163 653 3221 Jesus
673 3167 767 3223 turbis
780 3158 961 3224 ‘Judaeorum
972 3187 980 3237 3
1004 3167 1095 3223 Peter
1115 3184 1199 3238 meus
1220 3181 1310 3241 usque

109 3244 195 3301 modo
209 3253 356 3318 operetur,
372 3250 402 3301 et
416 3262 468 3319 ego
488 3261 592 3318 operor
611 3265 701 3318 resque
721 3248 761 3303 ad
781 3249 915 3323 quivero
929 3247 1006 3304 male
1020 3254 1154 3323 egerunt,
1170 3247 1204 3303 in
1217 3264 1308 3304 resur·

111 3324 270 3383 rectionem
280 3323 395 3398 judicii.

174 3404 366 3476 Qllcrtorr'em.

171 3484 308 3553 Domine,
324 3483 362 3539 ed
382 3482 583 3557 adjuvandum
600 3503 647 3541 mc
665 3485 787 3542 festina:
809 3486 1029 3545 confundentur
1041 3507 1143 3546 omnes
1157 3490 1309 3548 adversum

111 3586 166 3638 me,
183 3564 233 3640 qui
248 3564 380 3639 cogitant
393 3563 466 3620 mihi
479 3564 564 3621 mele„

172 3648 291 3703 Secreto.

173 3725 302 3783 Puru'fica
322 3743 384 3794 nos,
400 3723 562 3780 misericors
576 3723 665 3793 Deus,
681 3731 717 3780 ut
730 3725 855 3782 ecclcsiae
870 3733 929 3784 tuae
947 3747 1056 3804 preces,
1071 3750 1137 3805 quae
1152 3731 1210 3789 tibi
1223 3736 1310 3809 grato

112 3814 192 3879 sunt,
217 3805 266 3882 pis
288 3822 412 3862 munere
434 3803 604 3874 deferentes,
630 3804 703 3860 fiant
726 3806 852 3880 expiatis
879 3810 1027 3866 montibus
1050 3813 1203 3886 gratiores
1256 3810 1310 3869 Per

115 3888 286 3949 Dominum.

176 3964 358 4029 Coruncanio·

175 4047 310 4116 Domine,
326 4042 510 4101 memorabor
524 4040 650 4117 justitiae
670 4047 729 4099 ture
750 4043 856 4101 solius:
877 4046 966 4119 Deus,
982 4048 1109 4109 docuisti
1123 4073 1172 4110 me
1185 4072 1204 4111 e
1212 4054 1312 4129 juven·

116 4139 180 4192 tute
194 4148 276 4188 mee:
297 4131 433 4199 crusque
446 4123 479 4179 in
492 4128 639 4179 senectam
653 4128 683 4178 ct
696 4123 818 4195 senium,
834 4125 923 4198 Deus,
939 4148 976 4185 ne
990 4129 1178 4209 derclinquas
1193 4153 1247 4191 me.

175 4205 417 4269 Poetcommuuio.
672 4222 679 4239 ·

177 4288 313 4349 Oaelestie
326 4286 403 4343 done
417 4282 606 4360 capientibus
621 4300 794 4356 quaesumus,
809 4282 946 4360 Domine,
960 4307 1020 4346 non
1037 4291 1075 4348 ud
1091 4294 1241 4368 judicium
1252 4310 1311 4370 pno-

116 4373 217 4431 venirc
239 4367 370 4448 petieris,
396 4383 461 4442 quae
484 4362 620 4422 fidelibus
644 4361 704 4419 tuis
726 4362 763 4419 ed
787 4366 947 4423 remedium
968 4371 1132 4444 providisti
1176 4376 1236 4434 Per
1258 4373 1312 4431 Do-

118 4455 241 4512 mmmm
