<?xml version="1.0" encoding="UTF-8"?>
<!DOCTYPE html PUBLIC "-//W3C//DTD XHTML 1.0 Transitional//EN"
    "http://www.w3.org/TR/xhtml1/DTD/xhtml1-transitional.dtd">
<html xmlns="http://www.w3.org/1999/xhtml" xml:lang="en" lang="en">
 <head>
  <title>
</title>
<meta http-equiv="Content-Type" content="text/html;charset=utf-8" />
  <meta name='ocr-system' content='tesseract 3.04.00' />
  <meta name='ocr-capabilities' content='ocr_page ocr_carea ocr_par ocr_line ocrx_word'/>
</head>
<body>
  <div class='ocr_page' id='page_1' title='image "./missaleadusumpe00churgoog_0219.png"; bbox 0 0 2804 4920; ppageno 0'>
   <div class='ocr_carea' id='block_1_1' title="bbox 155 299 974 384">
    <p class='ocr_par' dir='ltr' id='par_1_1' title="bbox 155 299 974 384">
     <span class='ocr_line' id='line_1_1' title="bbox 155 299 974 384; baseline 0.002 -20"><span class='ocrx_word' id='word_1_1' title='bbox 155 302 218 365; x_wconf 81' lang='lat'>164</span> <span class='ocrx_word' id='word_1_2' title='bbox 540 299 587 364; x_wconf 85' lang='lat' dir='ltr'>la</span> <span class='ocrx_word' id='word_1_3' title='bbox 615 299 745 384; x_wconf 74' lang='lat' dir='ltr'>Vipilia</span> <span class='ocrx_word' id='word_1_4' title='bbox 765 299 974 367; x_wconf 74' lang='lat' dir='ltr'>Pentecosten</span> 
     </span>
    </p>
   </div>
   <div class='ocr_carea' id='block_1_2' title="bbox 153 465 1358 848">
    <p class='ocr_par' dir='ltr' id='par_1_2' title="bbox 213 465 1323 542">
     <span class='ocr_line' id='line_1_2' title="bbox 213 465 1323 542; baseline 0.003 -17"><span class='ocrx_word' id='word_1_5' title='bbox 213 465 361 542; x_wconf 70' lang='lat' dir='ltr'>Sequana</span> <span class='ocrx_word' id='word_1_6' title='bbox 374 465 484 537; x_wconf 67' lang='lat' dir='ltr'>Oratio,</span> <span class='ocrx_word' id='word_1_7' title='bbox 499 466 561 524; x_wconf 80' lang='lat' dir='ltr'>rinc</span> <span class='ocrx_word' id='word_1_8' title='bbox 575 465 723 524; x_wconf 78' lang='lat' dir='ltr'><strong>Dominus</strong></span> <span class='ocrx_word' id='word_1_9' title='bbox 736 467 896 540; x_wconf 86' lang='lat' dir='ltr'>vobiscum,</span> <span class='ocrx_word' id='word_1_10' title='bbox 910 466 963 526; x_wconf 77' lang='lat' dir='ltr'>aed</span> <span class='ocrx_word' id='word_1_11' title='bbox 973 475 1090 526; x_wconf 82' lang='lat' dir='ltr'>tantam</span> <span class='ocrx_word' id='word_1_12' title='bbox 1102 487 1169 527; x_wconf 82' lang='lat' dir='ltr'>eam</span> <span class='ocrx_word' id='word_1_13' title='bbox 1183 468 1323 528; x_wconf 85' lang='lat' dir='ltr'>Oremus.</span> 
     </span>
    </p>

    <p class='ocr_par' dir='ltr' id='par_1_3' title="bbox 153 546 1358 848">
     <span class='ocr_line' id='line_1_3' title="bbox 214 546 1358 626; baseline 0.003 -21"><span class='ocrx_word' id='word_1_14' title='bbox 214 546 305 620; x_wconf 84' lang='lat' dir='ltr'>Deus,</span> <span class='ocrx_word' id='word_1_15' title='bbox 321 546 375 624; x_wconf 90' lang='lat' dir='ltr'>qui</span> <span class='ocrx_word' id='word_1_16' title='bbox 394 547 428 605; x_wconf 93' lang='lat' dir='ltr'>in</span> <span class='ocrx_word' id='word_1_17' title='bbox 445 546 574 605; x_wconf 75' lang='lat' dir='ltr'>Abrahae</span> <span class='ocrx_word' id='word_1_18' title='bbox 595 547 701 604; x_wconf 76' lang='lat' dir='ltr'>famuli</span> <span class='ocrx_word' id='word_1_19' title='bbox 722 548 768 605; x_wconf 88' lang='lat' dir='ltr'>tui</span> <span class='ocrx_word' id='word_1_20' title='bbox 792 567 879 624; x_wconf 89' lang='lat' dir='ltr'>opere</span> <span class='ocrx_word' id='word_1_21' title='bbox 902 548 1033 607; x_wconf 87' lang='lat' dir='ltr'>humano</span> <span class='ocrx_word' id='word_1_22' title='bbox 1055 549 1157 626; x_wconf 79' lang='lat' dir='ltr'>generi</span> <span class='ocrx_word' id='word_1_23' title='bbox 1179 550 1358 609; x_wconf 63' lang='lat' dir='ltr'>obedientiae</span> 
     </span>
     <span class='ocr_line' id='line_1_4' title="bbox 153 627 1358 708; baseline 0.003 -23"><span class='ocrx_word' id='word_1_24' title='bbox 153 627 290 705; x_wconf 84' lang='lat' dir='ltr'>exempla</span> <span class='ocrx_word' id='word_1_25' title='bbox 322 628 483 704; x_wconf 73' lang='lat' dir='ltr'>prebuisti,</span> <span class='ocrx_word' id='word_1_26' title='bbox 512 627 636 686; x_wconf 90' lang='lat' dir='ltr'>concede</span> <span class='ocrx_word' id='word_1_27' title='bbox 668 628 763 698; x_wconf 87' lang='lat' dir='ltr'>nobis,</span> <span class='ocrx_word' id='word_1_28' title='bbox 790 636 822 685; x_wconf 89' lang='lat' dir='ltr'>et</span> <span class='ocrx_word' id='word_1_29' title='bbox 847 636 955 687; x_wconf 80' lang='lat' dir='ltr'>nostres</span> <span class='ocrx_word' id='word_1_30' title='bbox 981 630 1145 688; x_wconf 85' lang='lat' dir='ltr'>voluntatis</span> <span class='ocrx_word' id='word_1_31' title='bbox 1177 631 1358 708; x_wconf 69' lang='lat' dir='ltr'><strong>pravitatem</strong></span> 
     </span>
     <span class='ocr_line' id='line_1_5' title="bbox 153 707 1356 791; baseline 0.003 -25"><span class='ocrx_word' id='word_1_32' title='bbox 153 707 294 785; x_wconf 82' lang='lat' dir='ltr'>frangere,</span> <span class='ocrx_word' id='word_1_33' title='bbox 317 715 348 767; x_wconf 91' lang='lat' dir='ltr'>et</span> <span class='ocrx_word' id='word_1_34' title='bbox 369 715 487 784; x_wconf 80' lang='lat' dir='ltr'>tuorum</span> <span class='ocrx_word' id='word_1_35' title='bbox 509 715 721 786; x_wconf 80' lang='lat' dir='ltr'>praceptorum</span> <span class='ocrx_word' id='word_1_36' title='bbox 743 710 952 768; x_wconf 74' lang='lat' dir='ltr'>rectitudinem</span> <span class='ocrx_word' id='word_1_37' title='bbox 973 711 1006 768; x_wconf 93' lang='lat' dir='ltr'>in</span> <span class='ocrx_word' id='word_1_38' title='bbox 1027 710 1164 770; x_wconf 86' lang='lat' dir='ltr'>omnibus</span> <span class='ocrx_word' id='word_1_39' title='bbox 1184 711 1356 791; x_wconf 82' lang='lat' dir='ltr'>adimplere.</span> 
     </span>
     <span class='ocr_line' id='line_1_6' title="bbox 156 789 1210 848; baseline 0 -1"><span class='ocrx_word' id='word_1_40' title='bbox 156 789 215 848; x_wconf 90' lang='lat' dir='ltr'>Per</span> <span class='ocrx_word' id='word_1_41' title='bbox 228 789 399 847; x_wconf 90' lang='lat' dir='ltr'>Dominum.</span> <span class='ocrx_word' id='word_1_42' title='bbox 1204 804 1210 835; x_wconf 73' lang='lat'><strong>¹</strong></span> 
     </span>
    </p>
   </div>
   <div class='ocr_carea' id='block_1_3' title="bbox 153 887 1361 1848">
    <p class='ocr_par' dir='ltr' id='par_1_4' title="bbox 216 887 955 965">
     <span class='ocr_line' id='line_1_7' title="bbox 216 887 955 965; baseline 0.001 -19"><span class='ocrx_word' id='word_1_43' title='bbox 216 888 312 946; x_wconf 83' lang='lat' dir='ltr'>Lectio</span> <span class='ocrx_word' id='word_1_44' title='bbox 324 889 457 946; x_wconf 78' lang='lat' dir='ltr'>secunda.</span> <span class='ocrx_word' id='word_1_45' title='bbox 500 888 718 946; x_wconf 79' lang='lat' dir='ltr'>Deuteronomii</span> <span class='ocrx_word' id='word_1_46' title='bbox 731 887 826 961; x_wconf 72' lang='lat' dir='ltr'>(mi.</span> <span class='ocrx_word' id='word_1_47' title='bbox 840 888 955 965; x_wconf 79' lang='lat'><em>22-30).</em></span> 
     </span>
    </p>

    <p class='ocr_par' dir='ltr' id='par_1_5' title="bbox 162 968 1233 1126">
     <span class='ocr_line' id='line_1_8' title="bbox 216 968 1233 1048; baseline 0.002 -21"><span class='ocrx_word' id='word_1_48' title='bbox 216 968 341 1045; x_wconf 77' lang='lat' dir='ltr'>Scripsit</span> <span class='ocrx_word' id='word_1_49' title='bbox 354 968 473 1045; x_wconf 79' lang='lat' dir='ltr'>Moyses</span> <span class='ocrx_word' id='word_1_50' title='bbox 485 969 634 1027; x_wconf 82' lang='lat' dir='ltr'>canticum</span> <span class='ocrx_word' id='word_1_51' title='bbox 649 989 738 1044; x_wconf 74' lang='lat' dir='ltr'>arsque</span> <span class='ocrx_word' id='word_1_52' title='bbox 752 970 793 1026; x_wconf 83' lang='lat' dir='ltr'>ad</span> <span class='ocrx_word' id='word_1_53' title='bbox 805 969 842 1027; x_wconf 87' lang='lat' dir='ltr'>ad</span> <span class='ocrx_word' id='word_1_54' title='bbox 857 973 945 1027; x_wconf 82' lang='lat' dir='ltr'>tinem</span> <span class='ocrx_word' id='word_1_55' title='bbox 959 989 1052 1046; x_wconf 89' lang='lat' dir='ltr'>usque</span> <span class='ocrx_word' id='word_1_56' title='bbox 1066 971 1233 1048; x_wconf 81' lang='lat' dir='ltr'>complevit</span> 
     </span>
     <span class='ocr_line' id='line_1_9' title="bbox 162 1048 1022 1126; baseline 0.003 -21"><span class='ocrx_word' id='word_1_57' title='bbox 162 1116 166 1124; x_wconf 29' lang='grc' dir='ltr'><strong><em>Ι</em></strong></span> <span class='ocrx_word' id='word_1_58' title='bbox 218 1048 346 1108; x_wconf 74' lang='lat' dir='ltr'>Tractus.</span> <span class='ocrx_word' id='word_1_59' title='bbox 389 1050 523 1108; x_wconf 86' lang='lat' dir='ltr'>Attende</span> <span class='ocrx_word' id='word_1_60' title='bbox 536 1050 1022 1126; x_wconf 68' lang='lat' dir='ltr'>caelum5u2inl⁷59itia1²aacaa</span> 
     </span>
    </p>

    <p class='ocr_par' dir='ltr' id='par_1_6' title="bbox 220 1129 526 1190">
     <span class='ocr_line' id='line_1_10' title="bbox 220 1129 526 1190; baseline 0.003 -3"><span class='ocrx_word' id='word_1_61' title='bbox 220 1129 353 1188; x_wconf 89' lang='lat' dir='ltr'>Oremus.</span> <span class='ocrx_word' id='word_1_62' title='bbox 398 1131 526 1190; x_wconf 70' lang='lat' dir='ltr'>Oratio*</span> 
     </span>
    </p>

    <p class='ocr_par' dir='ltr' id='par_1_7' title="bbox 153 1210 1361 1752">
     <span class='ocr_line' id='line_1_11' title="bbox 216 1210 1359 1291; baseline 0.004 -23"><span class='ocrx_word' id='word_1_63' title='bbox 216 1210 307 1282; x_wconf 89' lang='lat' dir='ltr'>Deus,</span> <span class='ocrx_word' id='word_1_64' title='bbox 321 1211 374 1288; x_wconf 94' lang='lat' dir='ltr'>qui</span> <span class='ocrx_word' id='word_1_65' title='bbox 394 1232 425 1270; x_wconf 89' lang='lat' dir='ltr'>es</span> <span class='ocrx_word' id='word_1_66' title='bbox 444 1212 622 1289; x_wconf 85' lang='lat' dir='ltr'>glorificator</span> <span class='ocrx_word' id='word_1_67' title='bbox 642 1211 774 1269; x_wconf 81' lang='lat' dir='ltr'>fidelium</span> <span class='ocrx_word' id='word_1_68' title='bbox 789 1217 819 1268; x_wconf 92' lang='lat' dir='ltr'>ct</span> <span class='ocrx_word' id='word_1_69' title='bbox 832 1212 896 1269; x_wconf 71' lang='lat' dir='ltr'>sita</span> <span class='ocrx_word' id='word_1_70' title='bbox 908 1213 1080 1288; x_wconf 70' lang='lat' dir='ltr'>justorum</span> <span class='ocrx_word' id='word_1_71' title='bbox 1096 1213 1150 1289; x_wconf 90' lang='lat' dir='ltr'>qui</span> <span class='ocrx_word' id='word_1_72' title='bbox 1161 1232 1215 1290; x_wconf 86' lang='lat' dir='ltr'>per</span> <span class='ocrx_word' id='word_1_73' title='bbox 1228 1213 1359 1291; x_wconf 79' lang='lat' dir='ltr'>Moysen</span> 
     </span>
     <span class='ocr_line' id='line_1_12' title="bbox 154 1291 1358 1369; baseline 0.004 -21"><span class='ocrx_word' id='word_1_74' title='bbox 154 1291 298 1349; x_wconf 83' lang='lat' dir='ltr'>famulum</span> <span class='ocrx_word' id='word_1_75' title='bbox 332 1302 418 1349; x_wconf 90' lang='lat' dir='ltr'>tuum</span> <span class='ocrx_word' id='word_1_76' title='bbox 452 1313 505 1350; x_wconf 88' lang='lat' dir='ltr'>nos</span> <span class='ocrx_word' id='word_1_77' title='bbox 539 1311 656 1369; x_wconf 92' lang='lat' dir='ltr'>quoque</span> <span class='ocrx_word' id='word_1_78' title='bbox 691 1292 892 1350; x_wconf 81' lang='lat' dir='ltr'>modulatione</span> <span class='ocrx_word' id='word_1_79' title='bbox 927 1293 1003 1350; x_wconf 87' lang='lat' dir='ltr'>sacri</span> <span class='ocrx_word' id='word_1_80' title='bbox 1038 1294 1176 1352; x_wconf 74' lang='lat' dir='ltr'><strong>carminis</strong></span> <span class='ocrx_word' id='word_1_81' title='bbox 1210 1295 1358 1353; x_wconf 81' lang='lat' dir='ltr'><strong>erudisti:</strong></span> 
     </span>
     <span class='ocr_line' id='line_1_13' title="bbox 154 1372 1360 1450; baseline 0.003 -20"><span class='ocrx_word' id='word_1_82' title='bbox 154 1373 298 1430; x_wconf 85' lang='lat' dir='ltr'>universis</span> <span class='ocrx_word' id='word_1_83' title='bbox 321 1374 459 1450; x_wconf 84' lang='lat' dir='ltr'>gentibus</span> <span class='ocrx_word' id='word_1_84' title='bbox 480 1372 686 1432; x_wconf 75' lang='lat' dir='ltr'>misericordiae</span> <span class='ocrx_word' id='word_1_85' title='bbox 714 1383 772 1430; x_wconf 87' lang='lat' dir='ltr'>tuae</span> <span class='ocrx_word' id='word_1_86' title='bbox 796 1393 905 1430; x_wconf 86' lang='lat' dir='ltr'>munus</span> <span class='ocrx_word' id='word_1_87' title='bbox 931 1393 1060 1450; x_wconf 88' lang='lat' dir='ltr'>operare,</span> <span class='ocrx_word' id='word_1_88' title='bbox 1084 1375 1242 1434; x_wconf 89' lang='lat' dir='ltr'>tribuendo</span> <span class='ocrx_word' id='word_1_89' title='bbox 1264 1376 1360 1434; x_wconf 88' lang='lat' dir='ltr'>beati-</span> 
     </span>
     <span class='ocr_line' id='line_1_14' title="bbox 153 1453 1358 1535; baseline 0.004 -24"><span class='ocrx_word' id='word_1_90' title='bbox 153 1453 296 1526; x_wconf 82' lang='lat' dir='ltr'>tudinem,</span> <span class='ocrx_word' id='word_1_91' title='bbox 311 1454 470 1511; x_wconf 88' lang='lat' dir='ltr'>auferendo</span> <span class='ocrx_word' id='word_1_92' title='bbox 482 1460 645 1526; x_wconf 86' lang='lat' dir='ltr'>terrorem;</span> <span class='ocrx_word' id='word_1_93' title='bbox 664 1460 699 1511; x_wconf 92' lang='lat' dir='ltr'>ut</span> <span class='ocrx_word' id='word_1_94' title='bbox 713 1453 792 1530; x_wconf 89' lang='lat' dir='ltr'>quod</span> <span class='ocrx_word' id='word_1_95' title='bbox 809 1455 1043 1530; x_wconf 65' lang='lat' dir='ltr'>praenuntiatum</span> <span class='ocrx_word' id='word_1_96' title='bbox 1056 1462 1102 1514; x_wconf 90' lang='lat' dir='ltr'>est</span> <span class='ocrx_word' id='word_1_97' title='bbox 1114 1456 1153 1513; x_wconf 89' lang='lat' dir='ltr'>ad</span> <span class='ocrx_word' id='word_1_98' title='bbox 1167 1456 1358 1535; x_wconf 88' lang='lat' dir='ltr'>suppliciam,</span> 
     </span>
     <span class='ocr_line' id='line_1_15' title="bbox 153 1534 1152 1619; baseline 0.001 -27"><span class='ocrx_word' id='word_1_99' title='bbox 153 1535 186 1592; x_wconf 92' lang='lat' dir='ltr'>in</span> <span class='ocrx_word' id='word_1_100' title='bbox 199 1535 361 1592; x_wconf 89' lang='lat' dir='ltr'>remedium</span> <span class='ocrx_word' id='word_1_101' title='bbox 375 1535 732 1592; x_wconf 78' lang='lat' dir='ltr'>transferaturaeternuna</span> <span class='ocrx_word' id='word_1_102' title='bbox 776 1534 835 1592; x_wconf 89' lang='lat' dir='ltr'>Per</span> <span class='ocrx_word' id='word_1_103' title='bbox 849 1535 1021 1593; x_wconf 90' lang='lat' dir='ltr'>Dominum.</span> <span class='ocrx_word' id='word_1_104' title='bbox 1145 1602 1152 1619; x_wconf 35' lang='grc' dir='ltr'>ι</span> 
     </span>
     <span class='ocr_line' id='line_1_16' title="bbox 155 1615 1361 1752; baseline 0.004 -79"><span class='ocrx_word' id='word_1_105' title='bbox 155 1694 185 1752; x_wconf 69' lang='lat' dir='ltr'><em>P</em></span> <span class='ocrx_word' id='word_1_106' title='bbox 214 1615 309 1674; x_wconf 70' lang='lat' dir='ltr'>lectio</span> <span class='ocrx_word' id='word_1_107' title='bbox 331 1615 424 1674; x_wconf 79' lang='lat' dir='ltr'>tertio.</span> <span class='ocrx_word' id='word_1_108' title='bbox 466 1615 700 1693; x_wconf 87' lang='lat' dir='ltr'>Apprehendent</span> <span class='ocrx_word' id='word_1_109' title='bbox 727 1622 839 1693; x_wconf 83' lang='lat' dir='ltr'>septem</span> <span class='ocrx_word' id='word_1_110' title='bbox 863 1616 1019 1675; x_wconf 89' lang='lat' dir='ltr'>mulieres:</span> <span class='ocrx_word' id='word_1_111' title='bbox 1047 1617 1161 1694; x_wconf 75' lang='lat' dir='ltr'>require</span> <span class='ocrx_word' id='word_1_112' title='bbox 1188 1617 1223 1677; x_wconf 80' lang='lat' dir='ltr'>ia</span> <span class='ocrx_word' id='word_1_113' title='bbox 1247 1618 1361 1695; x_wconf 73' lang='lat' dir='ltr'>Vipile‘a</span> 
     </span>
    </p>

    <p class='ocr_par' dir='ltr' id='par_1_8' title="bbox 183 1695 281 1754">
     <span class='ocr_line' id='line_1_17' title="bbox 183 1695 281 1754; baseline 0 0"><span class='ocrx_word' id='word_1_114' title='bbox 183 1695 281 1754; x_wconf 71' lang='lat' dir='ltr'>asctm</span> 
     </span>
    </p>

    <p class='ocr_par' dir='ltr' id='par_1_9' title="bbox 216 1776 750 1848">
     <span class='ocr_line' id='line_1_18' title="bbox 216 1776 750 1848; baseline 0 -14"><span class='ocrx_word' id='word_1_115' title='bbox 216 1776 347 1835; x_wconf 77' lang='lat' dir='ltr'>Tractus.</span> <span class='ocrx_word' id='word_1_116' title='bbox 391 1776 569 1848; x_wconf 73' lang='lat' dir='ltr'>Cantemm3</span> <span class='ocrx_word' id='word_1_117' title='bbox 590 1786 623 1835; x_wconf 80' lang='lat' dir='ltr'>at</span> <span class='ocrx_word' id='word_1_118' title='bbox 637 1776 750 1835; x_wconf 66' lang='lat' dir='ltr'>dalaia</span> 
     </span>
    </p>
   </div>
   <div class='ocr_carea' id='block_1_4' title="bbox 153 1871 1364 3015">
    <p class='ocr_par' dir='ltr' id='par_1_10' title="bbox 215 1871 324 1932">
     <span class='ocr_line' id='line_1_19' title="bbox 215 1871 324 1932; baseline 0 -1"><span class='ocrx_word' id='word_1_119' title='bbox 215 1871 324 1932; x_wconf 77' lang='lat' dir='ltr'>Oratio.</span> 
     </span>
    </p>

    <p class='ocr_par' dir='ltr' id='par_1_11' title="bbox 153 1952 1364 2272">
     <span class='ocr_line' id='line_1_20' title="bbox 214 1952 1364 2033; baseline 0.004 -22"><span class='ocrx_word' id='word_1_120' title='bbox 214 1953 305 2025; x_wconf 88' lang='lat' dir='ltr'>Deus,</span> <span class='ocrx_word' id='word_1_121' title='bbox 320 1954 372 2031; x_wconf 90' lang='lat' dir='ltr'>qui</span> <span class='ocrx_word' id='word_1_122' title='bbox 385 1974 439 2012; x_wconf 91' lang='lat' dir='ltr'>nos</span> <span class='ocrx_word' id='word_1_123' title='bbox 452 1953 489 2012; x_wconf 85' lang='lat' dir='ltr'>ad</span> <span class='ocrx_word' id='word_1_124' title='bbox 502 1952 704 2011; x_wconf 79' lang='lat' dir='ltr'>celebrandam</span> <span class='ocrx_word' id='word_1_125' title='bbox 720 1952 913 2011; x_wconf 85' lang='lat' dir='ltr'>festivitatem</span> <span class='ocrx_word' id='word_1_126' title='bbox 931 1953 1003 2012; x_wconf 89' lang='lat' dir='ltr'>doni</span> <span class='ocrx_word' id='word_1_127' title='bbox 1021 1954 1122 2014; x_wconf 82' lang='lat' dir='ltr'>Sancti</span> <span class='ocrx_word' id='word_1_128' title='bbox 1141 1954 1274 2033; x_wconf 83' lang='lat' dir='ltr'>Spiritus</span> <span class='ocrx_word' id='word_1_129' title='bbox 1287 1960 1364 2016; x_wconf 87' lang='lat' dir='ltr'>utri·</span> 
     </span>
     <span class='ocr_line' id='line_1_21' title="bbox 154 2034 1364 2113; baseline 0.007 -23"><span class='ocrx_word' id='word_1_130' title='bbox 154 2053 246 2111; x_wconf 84' lang='lat' dir='ltr'>usque</span> <span class='ocrx_word' id='word_1_131' title='bbox 261 2036 431 2093; x_wconf 72' lang='lat' dir='ltr'>testamenti</span> <span class='ocrx_word' id='word_1_132' title='bbox 445 2035 560 2112; x_wconf 74' lang='lat' dir='ltr'>paginis</span> <span class='ocrx_word' id='word_1_133' title='bbox 573 2035 705 2106; x_wconf 85' lang='lat' dir='ltr'>instruis,</span> <span class='ocrx_word' id='word_1_134' title='bbox 721 2035 759 2092; x_wconf 89' lang='lat' dir='ltr'>da</span> <span class='ocrx_word' id='word_1_135' title='bbox 771 2035 858 2092; x_wconf 88' lang='lat' dir='ltr'>nobis</span> <span class='ocrx_word' id='word_1_136' title='bbox 874 2034 1039 2113; x_wconf 83' lang='lat' dir='ltr'>intelligere</span> <span class='ocrx_word' id='word_1_137' title='bbox 1052 2037 1269 2097; x_wconf 78' lang='lat' dir='ltr'>misericordias</span> <span class='ocrx_word' id='word_1_138' title='bbox 1282 2046 1364 2107; x_wconf 77' lang='lat' dir='ltr'>tuas,</span> 
     </span>
     <span class='ocr_line' id='line_1_22' title="bbox 153 2115 1361 2194; baseline 0.007 -23"><span class='ocrx_word' id='word_1_139' title='bbox 153 2121 189 2171; x_wconf 89' lang='lat' dir='ltr'>ut</span> <span class='ocrx_word' id='word_1_140' title='bbox 202 2136 240 2172; x_wconf 88' lang='lat' dir='ltr'>ex</span> <span class='ocrx_word' id='word_1_141' title='bbox 255 2117 439 2192; x_wconf 79' lang='lat' dir='ltr'>perceptione</span> <span class='ocrx_word' id='word_1_142' title='bbox 454 2117 642 2192; x_wconf 74' lang='lat' dir='ltr'>presentium</span> <span class='ocrx_word' id='word_1_143' title='bbox 656 2135 812 2173; x_wconf 88' lang='lat' dir='ltr'>munerum</span> <span class='ocrx_word' id='word_1_144' title='bbox 827 2115 913 2173; x_wconf 81' lang='lat' dir='ltr'>firma</span> <span class='ocrx_word' id='word_1_145' title='bbox 926 2116 966 2173; x_wconf 87' lang='lat' dir='ltr'>sit</span> <span class='ocrx_word' id='word_1_146' title='bbox 979 2118 1161 2194; x_wconf 78' lang='lat' dir='ltr'>exspectatio</span> <span class='ocrx_word' id='word_1_147' title='bbox 1173 2117 1361 2179; x_wconf 79' lang='lat' dir='ltr'>futurorum.</span> 
     </span>
     <span class='ocr_line' id='line_1_23' title="bbox 154 2195 761 2272; baseline 0 -19"><span class='ocrx_word' id='word_1_148' title='bbox 154 2195 213 2254; x_wconf 89' lang='lat' dir='ltr'>Per</span> <span class='ocrx_word' id='word_1_149' title='bbox 226 2196 397 2256; x_wconf 89' lang='lat' dir='ltr'>Dominum.</span> <span class='ocrx_word' id='word_1_150' title='bbox 440 2196 480 2254; x_wconf 93' lang='lat' dir='ltr'>In</span> <span class='ocrx_word' id='word_1_151' title='bbox 494 2197 609 2254; x_wconf 89' lang='lat' dir='ltr'>unitate</span> <span class='ocrx_word' id='word_1_152' title='bbox 623 2197 761 2272; x_wconf 88' lang='lat' dir='ltr'>ejusdem.</span> 
     </span>
    </p>

    <p class='ocr_par' dir='ltr' id='par_1_12' title="bbox 215 2292 518 2372">
     <span class='ocr_line' id='line_1_24' title="bbox 215 2292 518 2372; baseline 0.007 -24"><span class='ocrx_word' id='word_1_153' title='bbox 215 2292 334 2351; x_wconf 79' lang='lat' dir='ltr'>Barucli</span> <span class='ocrx_word' id='word_1_154' title='bbox 347 2293 407 2372; x_wconf 77' lang='lat' dir='ltr'>(iii.</span> <span class='ocrx_word' id='word_1_155' title='bbox 422 2292 518 2369; x_wconf 78' lang='lat'><strong><em>9-37).</em></strong></span> 
     </span>
    </p>

    <p class='ocr_par' dir='ltr' id='par_1_13' title="bbox 214 2372 1323 2449">
     <span class='ocr_line' id='line_1_25' title="bbox 214 2372 1323 2449; baseline 0.005 -18"><span class='ocrx_word' id='word_1_156' title='bbox 214 2373 308 2445; x_wconf 80' lang='lat' dir='ltr'>Audi,</span> <span class='ocrx_word' id='word_1_157' title='bbox 322 2373 425 2444; x_wconf 83' lang='lat' dir='ltr'>Israel,</span> <span class='ocrx_word' id='word_1_158' title='bbox 440 2373 581 2431; x_wconf 84' lang='lat' dir='ltr'>mandata</span> <span class='ocrx_word' id='word_1_159' title='bbox 592 2373 663 2431; x_wconf 81' lang='lat' dir='ltr'>vitae</span> <span class='ocrx_word' id='word_1_160' title='bbox 676 2393 767 2449; x_wconf 80' lang='lat' dir='ltr'>usqae</span> <span class='ocrx_word' id='word_1_161' title='bbox 780 2373 823 2431; x_wconf 82' lang='lat' dir='ltr'>ad</span> <span class='ocrx_word' id='word_1_162' title='bbox 834 2392 901 2431; x_wconf 90' lang='lat' dir='ltr'>cum</span> <span class='ocrx_word' id='word_1_163' title='bbox 914 2372 1049 2432; x_wconf 86' lang='lat' dir='ltr'>hostibus</span> <span class='ocrx_word' id='word_1_164' title='bbox 1062 2382 1256 2437; x_wconf 72' lang='lat' dir='ltr'>conversatus</span> <span class='ocrx_word' id='word_1_165' title='bbox 1269 2387 1323 2437; x_wconf 85' lang='lat' dir='ltr'>est.</span> 
     </span>
    </p>

    <p class='ocr_par' dir='ltr' id='par_1_14' title="bbox 218 2454 1088 2531">
     <span class='ocr_line' id='line_1_26' title="bbox 218 2454 1088 2531; baseline 0.006 -21"><span class='ocrx_word' id='word_1_166' title='bbox 218 2454 348 2513; x_wconf 62' lang='lat' dir='ltr'>licata.</span> <span class='ocrx_word' id='word_1_167' title='bbox 391 2454 491 2512; x_wconf 86' lang='lat' dir='ltr'>Vinea</span> <span class='ocrx_word' id='word_1_168' title='bbox 503 2455 581 2512; x_wconf 81' lang='lat' dir='ltr'>sacta</span> <span class='ocrx_word' id='word_1_169' title='bbox 594 2460 658 2513; x_wconf 88' lang='lat' dir='ltr'>est:</span> <span class='ocrx_word' id='word_1_170' title='bbox 679 2475 774 2531; x_wconf 66' lang='lat' dir='ltr'>quaere</span> <span class='ocrx_word' id='word_1_171' title='bbox 787 2455 821 2512; x_wconf 80' lang='lat' dir='ltr'>in</span> <span class='ocrx_word' id='word_1_172' title='bbox 842 2454 948 2530; x_wconf 74' lang='lat' dir='ltr'>l’iqc‘lia</span> <span class='ocrx_word' id='word_1_173' title='bbox 961 2454 1088 2515; x_wconf 69' lang='lat' dir='ltr'>Pacete.</span> 
     </span>
    </p>

    <p class='ocr_par' dir='ltr' id='par_1_15' title="bbox 215 2535 348 2594">
     <span class='ocr_line' id='line_1_27' title="bbox 215 2535 348 2594; baseline 0.015 -2"><span class='ocrx_word' id='word_1_174' title='bbox 215 2535 348 2594; x_wconf 81' lang='lat' dir='ltr'>Oremus</span> 
     </span>
    </p>

    <p class='ocr_par' dir='ltr' id='par_1_16' title="bbox 153 2614 1362 2935">
     <span class='ocr_line' id='line_1_28' title="bbox 216 2614 1362 2693; baseline 0.005 -20"><span class='ocrx_word' id='word_1_175' title='bbox 216 2614 356 2687; x_wconf 82' lang='lat' dir='ltr'>Concede,</span> <span class='ocrx_word' id='word_1_176' title='bbox 378 2623 553 2693; x_wconf 78' lang='lat' dir='ltr'>quaesumu‘s,</span> <span class='ocrx_word' id='word_1_177' title='bbox 574 2617 759 2692; x_wconf 87' lang='lat' dir='ltr'>omnipotens</span> <span class='ocrx_word' id='word_1_178' title='bbox 780 2616 870 2687; x_wconf 88' lang='lat' dir='ltr'>Deus,</span> <span class='ocrx_word' id='word_1_179' title='bbox 897 2623 932 2673; x_wconf 89' lang='lat' dir='ltr'>ut</span> <span class='ocrx_word' id='word_1_180' title='bbox 958 2616 1010 2691; x_wconf 91' lang='lat' dir='ltr'>qui</span> <span class='ocrx_word' id='word_1_181' title='bbox 1034 2616 1266 2677; x_wconf 77' lang='lat' dir='ltr'>sollemnitatem</span> <span class='ocrx_word' id='word_1_182' title='bbox 1287 2621 1362 2679; x_wconf 90' lang='lat' dir='ltr'>doni</span> 
     </span>
     <span class='ocr_line' id='line_1_29' title="bbox 154 2696 1362 2774; baseline 0.005 -20"><span class='ocrx_word' id='word_1_183' title='bbox 154 2696 255 2755; x_wconf 85' lang='lat' dir='ltr'>Sancti</span> <span class='ocrx_word' id='word_1_184' title='bbox 274 2697 402 2774; x_wconf 85' lang='lat' dir='ltr'>Spiritus</span> <span class='ocrx_word' id='word_1_185' title='bbox 423 2698 554 2770; x_wconf 85' lang='lat' dir='ltr'>colimus,</span> <span class='ocrx_word' id='word_1_186' title='bbox 570 2698 732 2754; x_wconf 77' lang='lat' dir='ltr'>caelestibus</span> <span class='ocrx_word' id='word_1_187' title='bbox 753 2696 902 2754; x_wconf 82' lang='lat' dir='ltr'>desideriis</span> <span class='ocrx_word' id='word_1_188' title='bbox 920 2698 1041 2769; x_wconf 83' lang='lat' dir='ltr'>accensi,</span> <span class='ocrx_word' id='word_1_189' title='bbox 1057 2698 1171 2756; x_wconf 83' lang='lat' dir='ltr'>sontem</span> <span class='ocrx_word' id='word_1_190' title='bbox 1185 2701 1258 2758; x_wconf 84' lang='lat' dir='ltr'>vitae</span> <span class='ocrx_word' id='word_1_191' title='bbox 1279 2702 1362 2760; x_wconf 83' lang='lat' dir='ltr'>sitin-</span> 
     </span>
     <span class='ocr_line' id='line_1_30' title="bbox 153 2777 1360 2851; baseline 0.007 -18"><span class='ocrx_word' id='word_1_192' title='bbox 153 2797 227 2849; x_wconf 86' lang='lat' dir='ltr'>mus,</span> <span class='ocrx_word' id='word_1_193' title='bbox 253 2779 415 2851; x_wconf 89' lang='lat' dir='ltr'>Dominum</span> <span class='ocrx_word' id='word_1_194' title='bbox 438 2787 572 2836; x_wconf 86' lang='lat' dir='ltr'>nostrum</span> <span class='ocrx_word' id='word_1_195' title='bbox 594 2778 616 2836; x_wconf 88' lang='lat' dir='ltr'>J</span> <span class='ocrx_word' id='word_1_196' title='bbox 618 2798 699 2835; x_wconf 86' lang='lat' dir='ltr'>esum</span> <span class='ocrx_word' id='word_1_197' title='bbox 722 2777 874 2835; x_wconf 83' lang='lat' dir='ltr'>Christum</span> <span class='ocrx_word' id='word_1_198' title='bbox 896 2778 1007 2835; x_wconf 88' lang='lat' dir='ltr'>Filium</span> <span class='ocrx_word' id='word_1_199' title='bbox 1028 2784 1123 2836; x_wconf 83' lang='lat' dir='ltr'>tumn</span> <span class='ocrx_word' id='word_1_200' title='bbox 1175 2780 1237 2850; x_wconf 83' lang='lat' dir='ltr'>Qui</span> <span class='ocrx_word' id='word_1_201' title='bbox 1259 2788 1360 2841; x_wconf 83' lang='lat' dir='ltr'>tecum</span> 
     </span>
     <span class='ocr_line' id='line_1_31' title="bbox 153 2859 597 2935; baseline 0 -21"><span class='ocrx_word' id='word_1_202' title='bbox 153 2859 236 2916; x_wconf 83' lang='lat' dir='ltr'>vivit.</span> <span class='ocrx_word' id='word_1_203' title='bbox 279 2860 317 2917; x_wconf 89' lang='lat' dir='ltr'>In</span> <span class='ocrx_word' id='word_1_204' title='bbox 332 2861 447 2917; x_wconf 88' lang='lat' dir='ltr'>unitate</span> <span class='ocrx_word' id='word_1_205' title='bbox 461 2860 597 2935; x_wconf 90' lang='lat' dir='ltr'>ejusdcm.</span> 
     </span>
    </p>

    <p class='ocr_par' dir='ltr' id='par_1_17' title="bbox 215 2939 1037 3015">
     <span class='ocr_line' id='line_1_32' title="bbox 215 2939 1037 3015; baseline 0.002 -19"><span class='ocrx_word' id='word_1_206' title='bbox 215 2940 346 2999; x_wconf 74' lang='lat' dir='ltr'>Tractus.</span> <span class='ocrx_word' id='word_1_207' title='bbox 390 2941 475 2999; x_wconf 90' lang='lat' dir='ltr'>Sicut</span> <span class='ocrx_word' id='word_1_208' title='bbox 488 2960 609 2998; x_wconf 86' lang='lat' dir='ltr'>cervus:</span> <span class='ocrx_word' id='word_1_209' title='bbox 630 2959 724 3014; x_wconf 73' lang='lat' dir='ltr'>qsroere</span> <span class='ocrx_word' id='word_1_210' title='bbox 738 2939 771 2995; x_wconf 81' lang='lat' dir='ltr'>in</span> <span class='ocrx_word' id='word_1_211' title='bbox 791 2939 897 3015; x_wconf 66' lang='lat' dir='ltr'>Viqz‘lia</span> <span class='ocrx_word' id='word_1_212' title='bbox 910 2939 1037 2998; x_wconf 78' lang='lat' dir='ltr'>Puaclioe.</span> 
     </span>
    </p>
   </div>
   <div class='ocr_carea' id='block_1_5' title="bbox 151 3039 1356 3743">
    <p class='ocr_par' dir='ltr' id='par_1_18' title="bbox 214 3039 323 3096">
     <span class='ocr_line' id='line_1_33' title="bbox 214 3039 323 3096; baseline 0 0"><span class='ocrx_word' id='word_1_213' title='bbox 214 3039 323 3096; x_wconf 81' lang='lat' dir='ltr'>Oratio.</span> 
     </span>
    </p>

    <p class='ocr_par' dir='ltr' id='par_1_19' title="bbox 152 3117 1356 3357">
     <span class='ocr_line' id='line_1_34' title="bbox 213 3117 1356 3196; baseline 0.005 -21"><span class='ocrx_word' id='word_1_214' title='bbox 213 3118 304 3190; x_wconf 91' lang='lat' dir='ltr'>Deus,</span> <span class='ocrx_word' id='word_1_215' title='bbox 320 3119 569 3176; x_wconf 84' lang='lat' dir='ltr'>incommutabilis</span> <span class='ocrx_word' id='word_1_216' title='bbox 582 3119 676 3175; x_wconf 88' lang='lat' dir='ltr'>virtus</span> <span class='ocrx_word' id='word_1_217' title='bbox 691 3124 721 3174; x_wconf 89' lang='lat' dir='ltr'>ct</span> <span class='ocrx_word' id='word_1_218' title='bbox 738 3117 840 3175; x_wconf 89' lang='lat' dir='ltr'>lumen</span> <span class='ocrx_word' id='word_1_219' title='bbox 857 3124 1009 3187; x_wconf 82' lang='lat' dir='ltr'>ueternum,</span> <span class='ocrx_word' id='word_1_220' title='bbox 1024 3119 1135 3194; x_wconf 84' lang='lat' dir='ltr'>respice</span> <span class='ocrx_word' id='word_1_221' title='bbox 1152 3119 1302 3196; x_wconf 79' lang='lat' dir='ltr'>propitius</span> <span class='ocrx_word' id='word_1_222' title='bbox 1319 3124 1356 3180; x_wconf 86' lang='lat' dir='ltr'>ad</span> 
     </span>
     <span class='ocr_line' id='line_1_35' title="bbox 153 3198 1355 3280; baseline 0.007 -26"><span class='ocrx_word' id='word_1_223' title='bbox 153 3199 245 3256; x_wconf 91' lang='lat' dir='ltr'>totius</span> <span class='ocrx_word' id='word_1_224' title='bbox 263 3199 390 3257; x_wconf 77' lang='lat' dir='ltr'>ecclesiae</span> <span class='ocrx_word' id='word_1_225' title='bbox 408 3200 542 3257; x_wconf 88' lang='lat' dir='ltr'>mirabile</span> <span class='ocrx_word' id='word_1_226' title='bbox 558 3205 783 3268; x_wconf 82' lang='lat' dir='ltr'>sacramentum,</span> <span class='ocrx_word' id='word_1_227' title='bbox 802 3206 833 3256; x_wconf 89' lang='lat' dir='ltr'>et</span> <span class='ocrx_word' id='word_1_228' title='bbox 853 3198 890 3256; x_wconf 86' lang='lat' dir='ltr'>da</span> <span class='ocrx_word' id='word_1_229' title='bbox 912 3199 1028 3256; x_wconf 88' lang='lat' dir='ltr'>famulis</span> <span class='ocrx_word' id='word_1_230' title='bbox 1047 3200 1107 3257; x_wconf 85' lang='lat' dir='ltr'>tuis</span> <span class='ocrx_word' id='word_1_231' title='bbox 1131 3207 1167 3257; x_wconf 91' lang='lat' dir='ltr'>ut</span> <span class='ocrx_word' id='word_1_232' title='bbox 1191 3200 1257 3277; x_wconf 87' lang='lat' dir='ltr'>hoc,</span> <span class='ocrx_word' id='word_1_233' title='bbox 1276 3204 1355 3280; x_wconf 87' lang='lat' dir='ltr'>quod</span> 
     </span>
     <span class='ocr_line' id='line_1_36' title="bbox 152 3279 1233 3357; baseline 0.006 -23"><span class='ocrx_word' id='word_1_234' title='bbox 152 3280 257 3337; x_wconf 84' lang='lat' dir='ltr'>devote</span> <span class='ocrx_word' id='word_1_235' title='bbox 271 3281 394 3357; x_wconf 84' lang='lat' dir='ltr'>agimus,</span> <span class='ocrx_word' id='word_1_236' title='bbox 408 3282 499 3338; x_wconf 89' lang='lat' dir='ltr'>etiam</span> <span class='ocrx_word' id='word_1_237' title='bbox 512 3279 690 3338; x_wconf 76' lang='lat' dir='ltr'>rectitudine</span> <span class='ocrx_word' id='word_1_238' title='bbox 703 3280 772 3336; x_wconf 82' lang='lat' dir='ltr'>vitae</span> <span class='ocrx_word' id='word_1_239' title='bbox 787 3287 946 3340; x_wconf 76' lang='lat' dir='ltr'>teneamus.</span> <span class='ocrx_word' id='word_1_240' title='bbox 989 3279 1048 3337; x_wconf 89' lang='lat' dir='ltr'>Per</span> <span class='ocrx_word' id='word_1_241' title='bbox 1061 3281 1233 3341; x_wconf 80' lang='lat' dir='ltr'>Dominum</span> 
     </span>
    </p>

    <p class='ocr_par' dir='ltr' id='par_1_20' title="bbox 152 3359 1351 3500">
     <span class='ocr_line' id='line_1_37' title="bbox 211 3359 1351 3441; baseline 0.006 -25"><span class='ocrx_word' id='word_1_242' title='bbox 211 3360 340 3419; x_wconf 67' lang='lat' dir='ltr'>litaniae</span> <span class='ocrx_word' id='word_1_243' title='bbox 361 3363 501 3419; x_wconf 78' lang='lat' dir='ltr'>dicontur</span> <span class='ocrx_word' id='word_1_244' title='bbox 524 3382 589 3419; x_wconf 71' lang='lat' dir='ltr'>earm</span> <span class='ocrx_word' id='word_1_245' title='bbox 607 3359 797 3419; x_wconf 77' lang='lat' dir='ltr'>berredictioae</span> <span class='ocrx_word' id='word_1_246' title='bbox 811 3359 957 3434; x_wconf 79' lang='lat' dir='ltr'>fontium,</span> <span class='ocrx_word' id='word_1_247' title='bbox 973 3369 998 3417; x_wconf 87' lang='lat' dir='ltr'>et</span> <span class='ocrx_word' id='word_1_248' title='bbox 1022 3370 1121 3433; x_wconf 83' lang='lat' dir='ltr'>cetera,</span> <span class='ocrx_word' id='word_1_249' title='bbox 1137 3371 1171 3419; x_wconf 81' lang='lat' dir='ltr'>ut</span> <span class='ocrx_word' id='word_1_250' title='bbox 1192 3363 1227 3421; x_wconf 82' lang='lat' dir='ltr'>‘in</span> <span class='ocrx_word' id='word_1_251' title='bbox 1248 3364 1351 3441; x_wconf 69' lang='lat' dir='ltr'>Viqz&#39;lia</span> 
     </span>
     <span class='ocr_line' id='line_1_38' title="bbox 152 3440 278 3500; baseline 0.024 -3"><span class='ocrx_word' id='word_1_252' title='bbox 152 3440 278 3500; x_wconf 70' lang='lat' dir='ltr'>Pascha.</span> 
     </span>
    </p>

    <p class='ocr_par' dir='ltr' id='par_1_21' title="bbox 210 3522 684 3598">
     <span class='ocr_line' id='line_1_39' title="bbox 210 3522 684 3598; baseline -0.002 -19"><span class='ocrx_word' id='word_1_253' title='bbox 210 3523 261 3580; x_wconf 75' lang='lat' dir='ltr'>Ad</span> <span class='ocrx_word' id='word_1_254' title='bbox 273 3523 405 3581; x_wconf 70' lang='lat' dir='ltr'>Missam.</span> <span class='ocrx_word' id='word_1_255' title='bbox 450 3522 546 3597; x_wconf 87' lang='lat' dir='ltr'>Kyrie</span> <span class='ocrx_word' id='word_1_256' title='bbox 560 3523 684 3598; x_wconf 78' lang='lat' dir='ltr'>eleyson.</span> 
     </span>
    </p>

    <p class='ocr_par' dir='ltr' id='par_1_22' title="bbox 151 3602 1347 3743">
     <span class='ocr_line' id='line_1_40' title="bbox 211 3602 1347 3679; baseline 0.004 -17"><span class='ocrx_word' id='word_1_257' title='bbox 211 3604 372 3679; x_wconf 76' lang='lat' dir='ltr'>Episcopus</span> <span class='ocrx_word' id='word_1_258' title='bbox 397 3603 440 3661; x_wconf 86' lang='lat' dir='ltr'>vel</span> <span class='ocrx_word' id='word_1_259' title='bbox 463 3603 600 3661; x_wconf 72' lang='lat' dir='ltr'>t&#39;acerdos</span> <span class='ocrx_word' id='word_1_260' title='bbox 618 3603 716 3662; x_wconf 78' lang='lat' dir='ltr'>dicat:</span> <span class='ocrx_word' id='word_1_261' title='bbox 745 3602 847 3660; x_wconf 86' lang='lat' dir='ltr'>Gloria</span> <span class='ocrx_word' id='word_1_262' title='bbox 865 3602 897 3660; x_wconf 92' lang='lat' dir='ltr'>in</span> <span class='ocrx_word' id='word_1_263' title='bbox 917 3604 1045 3661; x_wconf 82' lang='lat' dir='ltr'>excelsis</span> <span class='ocrx_word' id='word_1_264' title='bbox 1089 3603 1230 3665; x_wconf 78' lang='lat' dir='ltr'>Sacerdos</span> <span class='ocrx_word' id='word_1_265' title='bbox 1252 3605 1347 3665; x_wconf 78' lang='lat' dir='ltr'>dieat:</span> 
     </span>
     <span class='ocr_line' id='line_1_41' title="bbox 151 3684 648 3743; baseline -0.002 -1"><span class='ocrx_word' id='word_1_266' title='bbox 151 3685 299 3742; x_wconf 88' lang='lat' dir='ltr'>Dominus</span> <span class='ocrx_word' id='word_1_267' title='bbox 313 3685 471 3743; x_wconf 87' lang='lat' dir='ltr'>vobiscum.</span> <span class='ocrx_word' id='word_1_268' title='bbox 514 3684 648 3741; x_wconf 88' lang='lat' dir='ltr'>Oremus.</span> 
     </span>
    </p>
   </div>
   <div class='ocr_carea' id='block_1_6' title="bbox 210 3784 1343 3941">
    <p class='ocr_par' dir='ltr' id='par_1_23' title="bbox 210 3784 1343 3941">
     <span class='ocr_line' id='line_1_42' title="bbox 210 3784 1343 3941; baseline -0.001 -20"><span class='ocrx_word' id='word_1_269' title='bbox 210 3784 332 3933; x_wconf 43' lang='lat' dir='ltr'>gislildis,</span> <span class='ocrx_word' id='word_1_270' title='bbox 355 3883 531 3940; x_wconf 73' lang='lat' dir='ltr'>quesumus,</span> <span class='ocrx_word' id='word_1_271' title='bbox 554 3863 739 3938; x_wconf 89' lang='lat' dir='ltr'>omnipotens</span> <span class='ocrx_word' id='word_1_272' title='bbox 763 3860 854 3929; x_wconf 77' lang='lat' dir='ltr'>Dese,</span> <span class='ocrx_word' id='word_1_273' title='bbox 877 3868 912 3919; x_wconf 93' lang='lat' dir='ltr'>ut</span> <span class='ocrx_word' id='word_1_274' title='bbox 939 3860 1083 3919; x_wconf 84' lang='lat' dir='ltr'>claritatis</span> <span class='ocrx_word' id='word_1_275' title='bbox 1107 3869 1167 3921; x_wconf 71' lang='lat' dir='ltr'>tuae</span> <span class='ocrx_word' id='word_1_276' title='bbox 1188 3883 1343 3941; x_wconf 85' lang='lat' dir='ltr'>supernos</span> 
     </span>
    </p>
   </div>
   <div class='ocr_carea' id='block_1_7' title="bbox 147 3942 1369 4246">
    <p class='ocr_par' dir='ltr' id='par_1_24' title="bbox 147 3942 1369 4183">
     <span class='ocr_line' id='line_1_43' title="bbox 149 3942 1350 4021; baseline -0.001 -19"><span class='ocrx_word' id='word_1_277' title='bbox 149 3945 286 4021; x_wconf 85' lang='lat' dir='ltr'>splendor</span> <span class='ocrx_word' id='word_1_278' title='bbox 300 3945 445 4020; x_wconf 84' lang='lat' dir='ltr'>effulgeat,</span> <span class='ocrx_word' id='word_1_279' title='bbox 462 3951 492 4001; x_wconf 90' lang='lat' dir='ltr'>et</span> <span class='ocrx_word' id='word_1_280' title='bbox 506 3944 560 4000; x_wconf 84' lang='lat' dir='ltr'>lux</span> <span class='ocrx_word' id='word_1_281' title='bbox 578 3952 636 4000; x_wconf 75' lang='lat' dir='ltr'>ture</span> <span class='ocrx_word' id='word_1_282' title='bbox 655 3943 728 3999; x_wconf 89' lang='lat' dir='ltr'>lucis</span> <span class='ocrx_word' id='word_1_283' title='bbox 745 3942 832 4000; x_wconf 81' lang='lat' dir='ltr'>corda</span> <span class='ocrx_word' id='word_1_284' title='bbox 854 3961 954 3998; x_wconf 89' lang='lat' dir='ltr'>eorum</span> <span class='ocrx_word' id='word_1_285' title='bbox 973 3943 1024 4019; x_wconf 93' lang='lat' dir='ltr'>qui</span> <span class='ocrx_word' id='word_1_286' title='bbox 1042 3963 1094 4019; x_wconf 88' lang='lat' dir='ltr'>per</span> <span class='ocrx_word' id='word_1_287' title='bbox 1115 3945 1243 4021; x_wconf 84' lang='lat' dir='ltr'>gratiam</span> <span class='ocrx_word' id='word_1_288' title='bbox 1266 3951 1350 4003; x_wconf 85' lang='lat' dir='ltr'>tuam.</span> 
     </span>
     <span class='ocr_line' id='line_1_44' title="bbox 147 4023 1369 4102; baseline -0.001 -19"><span class='ocrx_word' id='word_1_289' title='bbox 147 4026 245 4083; x_wconf 87' lang='lat' dir='ltr'>renati</span> <span class='ocrx_word' id='word_1_290' title='bbox 258 4034 337 4096; x_wconf 87' lang='lat' dir='ltr'>sunt,</span> <span class='ocrx_word' id='word_1_291' title='bbox 353 4026 455 4083; x_wconf 86' lang='lat' dir='ltr'>Sancti</span> <span class='ocrx_word' id='word_1_292' title='bbox 469 4025 598 4102; x_wconf 82' lang='lat' dir='ltr'>Spiritus</span> <span class='ocrx_word' id='word_1_293' title='bbox 612 4023 810 4081; x_wconf 79' lang='lat' dir='ltr'>illustratione</span> <span class='ocrx_word' id='word_1_294' title='bbox 823 4024 983 4081; x_wconf 84' lang='lat' dir='ltr'>confirmet.</span> <span class='ocrx_word' id='word_1_295' title='bbox 1025 4024 1083 4082; x_wconf 91' lang='lat' dir='ltr'>Per</span> <span class='ocrx_word' id='word_1_296' title='bbox 1096 4025 1269 4085; x_wconf 83' lang='lat' dir='ltr'>Dominum</span> <span class='ocrx_word' id='word_1_297' title='bbox 1306 4025 1369 4083; x_wconf 72' lang='grc' dir='ltr'>Ιιι</span> 
     </span>
     <span class='ocr_line' id='line_1_45' title="bbox 147 4107 415 4183; baseline -0.007 -18"><span class='ocrx_word' id='word_1_298' title='bbox 147 4109 262 4165; x_wconf 80' lang='lat' dir='ltr'>unitate</span> <span class='ocrx_word' id='word_1_299' title='bbox 276 4109 301 4183; x_wconf 90' lang='lat' dir='ltr'>ej</span> <span class='ocrx_word' id='word_1_300' title='bbox 306 4107 415 4164; x_wconf 88' lang='lat' dir='ltr'>usdem.</span> 
     </span>
    </p>

    <p class='ocr_par' dir='ltr' id='par_1_25' title="bbox 206 4188 461 4246">
     <span class='ocr_line' id='line_1_46' title="bbox 206 4188 461 4246; baseline -0.004 0"><span class='ocrx_word' id='word_1_301' title='bbox 206 4188 303 4246; x_wconf 73' lang='lat' dir='ltr'>Nulla</span> <span class='ocrx_word' id='word_1_302' title='bbox 316 4188 461 4246; x_wconf 68' lang='lat' dir='ltr'>aenaria</span> 
     </span>
    </p>
   </div>
   <div class='ocr_carea' id='block_1_8' title="bbox 146 4331 1377 4500">
    <p class='ocr_par' dir='ltr' id='par_1_26' title="bbox 146 4331 1377 4500">
     <span class='ocr_line' id='line_1_47' title="bbox 205 4331 1377 4401; baseline -0.003 -22"><span class='ocrx_word' id='word_1_303' title='bbox 205 4334 218 4358; x_wconf 79' lang='lat'>¹</span> <span class='ocrx_word' id='word_1_304' title='bbox 233 4334 392 4387; x_wconf 83' lang='lat' dir='ltr'>MS.-Deus‚</span> <span class='ocrx_word' id='word_1_305' title='bbox 403 4332 444 4391; x_wconf 88' lang='lat' dir='ltr'>qui</span> <span class='ocrx_word' id='word_1_306' title='bbox 460 4332 528 4377; x_wconf 89' lang='lat' dir='ltr'>nobis</span> <span class='ocrx_word' id='word_1_307' title='bbox 538 4344 582 4400; x_wconf 87' lang='lat' dir='ltr'>pcr</span> <span class='ocrx_word' id='word_1_308' title='bbox 592 4331 764 4400; x_wconf 76' lang='lat' dir='ltr'>prophetarum</span> <span class='ocrx_word' id='word_1_309' title='bbox 774 4344 816 4400; x_wconf 76' lang='lat' dir='ltr'>ora</span> <span class='ocrx_word' id='word_1_310' title='bbox 825 4331 966 4401; x_wconf 40' lang='lat' dir='ltr'>precepisti·</span> <span class='ocrx_word' id='word_1_311' title='bbox 975 4333 1116 4390; x_wconf 86' lang='lat' dir='ltr'>tcmporalia</span> <span class='ocrx_word' id='word_1_312' title='bbox 1129 4333 1377 4393; x_wconf 68' lang='lat' dir='ltr'>relinquerentque</span> 
     </span>
     <span class='ocr_line' id='line_1_48' title="bbox 146 4391 1370 4500; baseline 0.003 -62"><span class='ocrx_word' id='word_1_313' title='bbox 146 4392 458 4500; x_wconf 44' lang='grc' dir='ltr'>ιιὶὶῶιεγᾝὲἶὶηιτὲἑτὼ</span> <span class='ocrx_word' id='word_1_314' title='bbox 467 4391 563 4438; x_wconf 77' lang='lat' dir='ltr'>famulis</span> <span class='ocrx_word' id='word_1_315' title='bbox 572 4394 621 4437; x_wconf 78' lang='lat' dir='ltr'>tus</span> <span class='ocrx_word' id='word_1_316' title='bbox 632 4394 659 4436; x_wconf 86' lang='lat' dir='ltr'>ut</span> <span class='ocrx_word' id='word_1_317' title='bbox 669 4404 722 4450; x_wconf 76' lang='lat' dir='ltr'>quc</span> <span class='ocrx_word' id='word_1_318' title='bbox 732 4395 776 4437; x_wconf 83' lang='lat' dir='ltr'>ate</span> <span class='ocrx_word' id='word_1_319' title='bbox 787 4404 854 4449; x_wconf 81' lang='lat' dir='ltr'>Jussa</span> <span class='ocrx_word' id='word_1_320' title='bbox 864 4405 1030 4451; x_wconf 64' lang='lat' dir='ltr'>cognoramus,</span> <span class='ocrx_word' id='word_1_321' title='bbox 1037 4392 1135 4452; x_wconf 83' lang='lat' dir='ltr'>implere</span> <span class='ocrx_word' id='word_1_322' title='bbox 1143 4392 1232 4442; x_wconf 74' lang='lat' dir='ltr'>celesti</span> <span class='ocrx_word' id='word_1_323' title='bbox 1239 4391 1370 4453; x_wconf 61' lang='lat' dir='ltr'>imph-</span> 
     </span>
    </p>
   </div>
   <div class='ocr_carea' id='block_1_9' title="bbox 0 0 1406 4920">
    <p class='ocr_par' dir='ltr' id='par_1_27' title="bbox 0 0 1406 4920">
     <span class='ocr_line' id='line_1_49' title="bbox 0 0 1406 4920; baseline 0 2"><span class='ocrx_word' id='word_1_324' title='bbox 0 0 1406 4920; x_wconf 95' lang='lat' dir='ltr'> </span> 
     </span>
    </p>
   </div>
  </div>
 </body>
</html>
