2804 4920
130 304 173 369 16
513 298 563 365 Io
584 297 771 365 Nativitute
792 296 948 364 Domini.

184 466 306 528 Secreta.

184 548 315 608 Munera
333 554 445 620 nostre,
465 567 643 624 quesumus,
662 547 800 621 Domine,
819 545 988 605 nativitatis
1008 543 1158 603 hodierne
1181 542 1325 619 mysteriis

122 636 194 707 epto.
206 629 402 708 provenient:
423 634 459 687 ut
478 629 556 687 siout
575 629 664 687 homo
684 629 804 706 genitus
825 627 904 685 idem
923 626 1040 685 refulsit
1060 625 1144 684 Deus
1156 644 1165 684 z
1190 624 1234 683 sio
1246 624 1325 683 nobis

123 711 186 771 haeo
199 718 318 770 terreno
331 710 498 769 substantie
510 711 643 769 conferet
656 711 736 788 quod
750 709 887 767 divinum
899 715 952 767 est.

183 792 256 851 Atio
268 792 389 851 Secreto

183 874 305 951 Aooipe,
331 892 507 950 quaesumus,
532 871 671 943 Domine,
699 891 822 930 munere
848 870 1006 948 dignanter
1029 868 1149 928 oblsts:
1178 873 1210 927 et
1236 867 1321 926 berte

123 955 289 1013 Anastasis
303 955 442 1031 martyris
454 961 515 1012 tuoe
528 953 758 1031 suffragantibus
770 952 885 1011 meritis
897 951 936 1011 ed
948 956 1056 1009 nostrae
1066 948 1172 1008 salutis
1183 948 1321 1007 eonsilium

122 1035 278 1113 provenire
291 1034 425 1094 concede.
469 1034 528 1093 Per
542 1034 707 1092 Dominum
719 1040 863 1091 nostrum

183 1116 332 1192 I'roesotio.
377 1116 456 1186 Quin
476 1136 530 1194 per
550 1115 712 1174 Ineornoti
755 1114 1016 1172 Communioentes
1042 1118 1073 1171 et
1092 1111 1173 1169 diem
1195 1110 1321 1170 sueretu

121 1216 238 1257 sunum.

183 1279 222 1336 Et
236 1279 276 1337 eie
289 1279 400 1337 <licitur
412 1277 497 1354 infru
511 1277 661 1338 Camertem
674 1277 802 1353 quotidie
810 1297 866 1353 per
878 1296 926 1334 sex
938 1275 1000 1334 dieo
1013 1282 1164 1351 sequentes.

183 1358 363 1420 Omreruunio.

182 1440 295 1500 Exultu
321 1441 383 1498 filia
411 1440 492 1511 Sion,
520 1439 610 1498 leuda
639 1439 702 1497 filio
728 1438 938 1497 Hierusalem:
971 1456 1037 1495 eooe
1064 1455 1119 1494 rex
1144 1440 1218 1494 tuus
1243 1433 1314 1492 venit

121 1527 241 1581 sanctus
261 1529 293 1579 et
313 1522 443 1579 salvator
463 1521 576 1579 mundi.

182 1603 426 1661 Poetoommunio.

182 1682 284 1760 Hujus
307 1702 370 1755 nos,
392 1682 529 1754 Domine,
547 1701 725 1758 quaesumus,
741 1680 918 1739 sacrementi
940 1698 1055 1756 semper
1075 1678 1194 1736 novitus
1216 1675 1310 1735 mnlis

119 1763 284 1823 instauret:
305 1766 351 1841 cuj
355 1784 390 1821 ue
403 1765 546 1821 nativitus
559 1763 717 1841 singularis
730 1762 891 1820 humanam
904 1762 1016 1838 repulit
1029 1766 1218 1818 vetustatem.

181 1844 254 1902 Ater
274 1845 516 1904 I’oetoommmrio.

180 1925 311 1999 Satiesti,
327 1926 466 1998 Domine,
481 1925 623 1983 familiam
637 1930 722 1982 tuem
735 1924 908 1982 munoribus
928 1922 1035 1995 saoris;
1063 1922 1127 2000 ejus
1148 1938 1304 1998 quesumus,

118 2026 234 2084 sempor
258 2007 479 2065 interventione
508 2026 562 2064 nos
588 2005 696 2079 refove,
721 2006 805 2082 eujus
832 2004 985 2063 sollemnia
1015 2002 1203 2061 oolebramus.
1261 1999 1306 2057 Per

119 2088 292 2148 Dominum.

654 2217 695 2275 Is
717 2218 787 2275 Dm

181 2324 322 2397 Officium.

179 2403 259 2462 Puor
267 2411 356 2461 notus
369 2409 414 2461 est
427 2403 521 2474 nobis,
533 2409 564 2461 et
578 2403 673 2462 Filius
687 2404 775 2462 datus
788 2408 833 2460 est
846 2401 950 2462 nobie:
970 2403 1055 2478 cujus
1067 2400 1225 2478 imperinm
1233 2410 1303 2473 super

117 2484 275 2542 humorum
288 2485 359 2561 ejus,
375 2491 405 2541 ot
418 2484 575 2542 voosbitur
587 2504 695 2543 nomon
709 2485 773 2561 ejus
786 2484 887 2560 magni
905 2483 1020 2542 consilii
1031 2482 1162 2559 angelus

177 2564 227 2622 Pe.
271 2564 525 2641 Multiplicnbitur
538 2566 601 2642 ojus
613 2566 773 2643 imperium
784 2584 791 2612 ·,
812 2570 843 2622 et
855 2566 935 2642 punis
948 2584 1008 2622 non
1021 2564 1080 2621 orit
1094 2562 1171 2620 finis

179 2646 284 2722 Kyrio,
302 2646 452 2706 Conditor.

178 2727 288 2785 Oratio·

175 2808 318 2881 Concedo,
342 2828 518 2885 quesumus,
538 2809 724 2887 omnipotens
747 2808 836 2879 Deus,
860 2812 895 2864 ut
916 2827 970 2864 nos
993 2804 1154 2882 Unigeniti
1174 2803 1220 2862 tui
1239 2810 1306 2858 nott

114 2907 167 2965 per
190 2909 308 2948 curnem
332 2890 476 2948 nativitus
499 2890 625 2948 liberet:
653 2910 727 2966 quos
749 2889 804 2945 snb
826 2889 938 2964 peccati
956 2889 1030 2965 jugo
1052 2893 1172 2945 vetuste
1192 2880 1308 2942 servitus

114 2974 203 3028 tenet.
249 2971 307 3040 Qui
322 2977 420 3028 tecum
433 2971 511 3028 vivit
525 2977 556 3028 et
569 2977 673 3046 regnat
687 2972 719 3026 in
733 2969 858 3027 unitate.

174 3051 270 3107 Lectio
286 3051 382 3107 Esaiae
395 3051 546 3126 Proptetae
559 3051 619 3122 (tii.
638 3051 732 3125 6-10).
1299 3111 1307 3123 ¹

174 3129 250 3187 Hruc
264 3130 337 3187 dicit
352 3131 498 3187 Dominus
509 3149 518 3201 ;
548 3130 675 3205 Propter
687 3129 742 3186 hoc
756 3129 828 3186 sciet
841 3150 932 3206 usque
944 3131 986 3188 oct
999 3129 1129 3188 salutare
1142 3127 1204 3186 Dei
1215 3127 1323 3184 nostrl·

174 3210 269 3267 Lectio
285 3210 420 3284 Epistoluz
435 3211 510 3266 tenti
524 3210 617 3266 Paeti
630 3210 769 3285 Apostoli.

173 3289 222 3346 rid
236 3290 372 3346 Iletrruue
385 3290 422 3364 (i.
441 3288 537 3366 1-12).

172 3371 306 3509 gretseri:
322 3369 520 3427 Multiferium
531 3369 692 3448 multisque
703 3371 797 3429 modis
807 3392 897 3448 usqne
907 3373 948 3430 act
957 3373 1029 3430 unni
1039 3372 1087 3430 tui
1098 3390 1160 3430 non
1169 3357 1339 3428 deficient*

200 3451 309 3508 radttlt’.

171 3531 324 3589 Viderunt
351 3549 451 3589 omnes
477 3530 551 3590 finos
581 3537 667 3590 terrm
695 3531 823 3591 salutaro
851 3533 911 3591 Dei
936 3534 1055 3594 nostri:
1091 3532 1221 3610 jubilate
1251 3522 1347 3587 D‘30

109 3613 206 3671 omnis
227 3619 314 3669 terne

116 3693 146 3754 V.
173 3693 288 3750 Notum
312 3692 383 3749 feeit
407 3692 554 3751 Dominus
579 3693 709 3751 soluturo
731 3714 837 3752 suum:
869 3701 939 3753 ante
962 3703 1152 3772 conspectum
1180 3685 1347 3772 gentiufl

108 3775 253 3833 revelarit
269 3773 420 3849 justitium
441 3793 532 3831 sunm.

167 3853 318 3930 Alleluys.
367 3852 395 3911 V.
428 3853 499 3911 Dios
520 3854 718 3912 surrotificotns
746 3854 848 3914 illuxit
871 3857 977 3915 nobis:
1011 3857 1122 3929 venite,
1148 3861 1262 3934 gentes,
1323 3843 1347 3883 ε

105 3936 227 4024 udor-ute
243 3934 413 4005 Dominum,
429 3934 500 4011 quin
513 3933 601 3991 hodio
615 3935 766 3994 descondit
785 3936 839 3993 lux
852 3957 958 4014 msgnu
971 3958 1060 4016 super
1072 3945 1193 3996 terrum.

166 4029 331 4105 Sequentia.

227 4108 339 4167 Christi
354 4107 495 4165 hodierne
510 4107 675 4184 pungimini
689 4126 790 4165 omnes
803 4129 871 4182 nnn,

226 4189 333 4250 Culim
347 4193 485 4246 nnonout
499 4186 575 4244 eitun
589 4206 732 4245 onmmnes
745 4190 870 4265 ngrninn,

225 4270 317 4329 Nune
332 4269 408 4347 rugis
421 4267 595 4326 mlebmndo
608 4267 793 4343 glutinentur
806 4264 932 4347 nupti-rs

224 4351 293 4411 Lux
307 4370 385 4409 novo
401 4350 465 4425 jorn
479 4353 572 4406 tonus
586 4346 716 4405 illustrnt
729 4355 842 4407 veteres
856 4352 969 4427 pollens
982 4356 1129 4415 tenebras.

224 4432 350 4493 Resomt
363 4448 491 4508 sirletus
503 4429 600 4509 grutis
613 4426 665 4487 diu
679 4426 777 4488 oluuss
791 4429 908 4507 pulutiu
