2804 4920
507 309 601 375 Festo
623 307 782 393 Aupueti.

111 476 161 535 Ad
175 476 342 537 Corinthios
354 476 394 550 (2
408 476 447 534 ia.
465 475 560 552 6-10).

110 558 246 616 Fratres:
268 557 329 627 Qui
341 576 427 635 parce
440 557 568 615 seminat
581 576 671 632 taqua
685 556 726 614 ad
734 555 861 632 justitiae
875 561 988 614 vestrae.

110 719 257 791 Probasti,
272 718 410 790 Domine,
422 738 473 777 cor
485 738 604 776 meum:
626 725 656 776 et
670 717 798 775 visitasti
813 723 905 775 nocte.

54 802 83 860 V.
111 801 188 879 Igne
201 820 249 858 me
263 800 457 858 examinasti:
478 805 509 857 et
523 818 582 856 non
597 805 642 856 eet
656 800 779 857 inventa
792 799 825 855 in
838 819 886 857 me
899 799 1049 875 iniqnitas

110 881 261 958 Alleluya
311 880 339 939 V.
363 880 470 938 Levita
483 879 662 938 Laurentius
682 881 792 938 bonnm
807 899 880 956 opus
897 886 1035 956 operatus
1049 885 1112 938 cst:
1134 877 1185 955 qni
1199 896 1253 955 per

47 964 169 1040 signum
183 963 277 1021 crucis
291 981 381 1020 caecos
394 961 585 1019 illuminavit.

111 1061 276 1138 Sequentia.

216 1142 299 1200 Stola
307 1140 510 1218 jocunditatis,
526 1139 662 1216 alleluya,

216 1223 323 1281 Induit
336 1223 423 1280 hodie
437 1222 584 1280 Dominus
597 1221 723 1278 militem
736 1241 822 1279 suurn
836 1220 1038 1279 Laurentium.

217 1303 311 1361 Solito
324 1303 447 1381 plaudat
460 1302 585 1360 alacdus
598 1303 699 1360 concio
712 1302 781 1359 laeta
793 1301 932 1360 fidelium.

217 1384 317 1442 Hodie
331 1391 445 1460 martyr
457 1383 580 1460 insignis
593 1383 719 1440 hostiam
734 1383 799 1441 Deo
812 1382 976 1459 placentem
990 1383 1098 1441 obtulit
1113 1404 1119 1441 :

217 1465 318 1524 Hodie
331 1470 513 1523 tormentum
526 1464 603 1541 ignis
615 1464 747 1540 graviter
759 1463 946 1522 examinatus
959 1465 1090 1542 pertulit.

217 1546 380 1605 Animatus
393 1546 431 1604 ad
443 1551 592 1603 certamen
605 1546 721 1602 monitu
734 1545 815 1602 beati
827 1544 913 1615 senis,

221 1626 411 1685 Gravissimis
425 1646 484 1684 non
497 1625 607 1703 refugit
622 1626 761 1684 exhibere
774 1625 906 1684 membra
919 1627 1017 1704 paenis.

417 1707 501 1764 Ante
515 1726 613 1783 regem
626 1707 793 1776 accersitur,

418 1788 459 1845 Et
471 1788 508 1845 de
522 1789 609 1846 rebus
622 1788 806 1859 convenitur,

458 1869 589 1926 Occultis
604 1869 748 1926 ecclesiae:

418 1949 476 2008 Sed
490 1969 550 2006 non
565 1949 651 2019 cedit,
666 1949 874 2006 blandimentis

418 2030 579 2088 Emollitus
592 2036 647 2087 aut
659 2031 825 2103 tormentiS,

460 2112 534 2188 Ejus
546 2111 687 2169 avaritia.

420 2204 551 2262 Luditur
564 2204 742 2263 Valerianus
752 2224 760 2276 ;

420 2287 462 2344 Et
476 2285 589 2343 Levitae
603 2285 686 2362 larga
699 2305 812 2355 manua,

461 2367 543 2424 Dum
557 2368 633 2443 petit
646 2367 789 2436 inducias,
809 2366 812 2371 ’

421 2446 484 2506 Dat
496 2448 634 2505 ministra
647 2448 779 2505 caritatis

422 2529 604 2605 Pauperibus
618 2529 801 2605 congregatis

462 2609 651 2667 Facultatum
666 2611 771 2686 copias.

424 2702 512 2760 Furit
525 2702 618 2779 igitur
631 2703 796 2779 praefectus,

313 2798 320 2811 ·
425 2784 463 2841 Et
477 2789 598 2859 paratur
611 2782 716 2841 ardens
731 2783 822 2841 lectus
835 2805 843 2856 ;

422 2864 601 2922 Insultantis
614 2864 726 2922 viscora

462 2945 561 3003 Gratis
574 2945 636 3002 urit
648 2965 757 3023 aspera.

423 3037 518 3095 Sudat
531 3044 645 3112 martyr
658 3038 690 3095 in
704 3058 796 3115 agone

424 3119 482 3195 Spe
496 3119 637 3175 mercedis
651 3127 681 3176 et
694 3139 817 3191 coronae,

425 3200 498 3269 Quae
511 3199 601 3256 datur
614 3199 749 3257 fidelibus

465 3280 524 3337 Pro
539 3280 657 3339 Christo
671 3281 860 3340 certantibus„

427 3360 473 3419 De
488 3362 571 3437 cujus
584 3362 694 3419 militia

427 3441 500 3499 Caeli
513 3443 621 3519 gaudet
634 3443 724 3515 curia,

428 3523 505 3592 Quia
519 3524 591 3580 vicit
604 3524 691 3581 hodie

467 3603 624 3663 Ministros
636 3604 785 3680 nequitiae.

429 3697 476 3755 Ut
488 3696 569 3771 hunc
582 3717 650 3774 crgo
664 3718 716 3775 per
728 3704 886 3775 patronum

428 3779 649 3855 Consequamur
662 3780 732 3836 vitae
747 3779 866 3847 donum,

428 3859 467 3916 In
482 3859 561 3916 illius
574 3859 622 3916 dic
635 3860 710 3917 festo

469 3939 582 3998 chorus
595 3949 695 3998 noster
709 3941 794 3998 laetus
804 3948 874 4008 estc,

431 4021 453 4080 J
454 4021 601 4078 ocundum
615 4021 646 4078 in
662 4021 792 4079 Ecclesia

473 4102 642 4160 Decantans
656 4102 790 4179 alleluya

120 4202 330 4281 leucadium.
372 4202 442 4260 Nisi
454 4221 579 4279 granum
593 4202 744 4260 frumenti.

127 4285 327 4364 offertorium.

123 4365 282 4427 Confessio
295 4371 326 4424 ot
338 4363 507 4443 pulcritudo
527 4364 559 4422 in
580 4371 738 4442 conspectu
752 4365 833 4440 ejus:
855 4363 995 4421 sanctitas
1009 4368 1040 4420 et
1054 4360 1271 4440 magnificentia

58 4453 94 4511 in
108 4446 348 4511 sanctificatione
361 4446 433 4523 ejus.
