2806 4920
107 336 171 405 410
339 337 389 404 De
409 337 505 404 beata
524 336 645 403 Mario
664 336 708 403 in
728 343 873 424 tempore
892 335 1064 405 Prodat&

166 505 499 583 ASeptuogeeimooero
515 502 991 581 mqmadoemmlamiaim
1009 505 1289 584 dicaturSeqmia

105 587 156 646 red
170 587 310 647 Procae.-
330 586 435 645 scilieet

168 668 300 726 Tractus.

167 748 279 819 Gaude,
295 746 393 805 Maria
405 747 509 825 virgo:
530 752 651 805 cunetas
663 745 788 805 hereses
800 747 863 805 sola
874 747 1064 809 interemisti.

112 828 143 889 V.
167 829 240 899 Qure
261 828 409 886 Gabrielis
421 828 604 904 Archangeli
616 828 704 885 dictis
716 827 877 888 credidisti

110 908 141 969 V.
163 909 245 967 Dum
259 910 343 986 virgo
356 909 455 968 Deum
468 915 500 967 et
515 908 666 967 hominem
678 909 826 985 genuisti:
840 915 950 987 etpost
967 916 1090 987 partum
1103 911 1191 989 virgo
1203 909 1292 969 inriol

106 997 157 1048 ata
213 990 375 1048 rmansisti

112 1070 143 1131 V.
166 1010 226 1128 liii
237 1071 383 1148 genetrix,
403 1068 552 1129 intercede
565 1088 619 1147 pro
632 1069 726 1128 nobis.

166 1163 334 1221 Scortadum
347 1163 460 1220 Lucam
472 1162 529 1240 (si
546 1163 594 1234 27,
610 1163 674 1239 28).
1123 1183 1125 1186 ·

167 1243 206 1302 In
219 1243 272 1301 illo
285 1251 426 1320 tempore,
442 1243 595 1319 loquente
615 1242 637 1302 J
638 1263 689 1300 esu
703 1243 740 1302 ad
754 1243 866 1316 turbes,
881 1242 1028 1302 extollens
1048 1264 1155 1303 vocem
1175 1244 1295 1323 quedam

105 1324 214 1383 mulier
226 1324 263 1382 de
276 1325 365 1382 turba
377 1324 458 1381 dixit
470 1323 516 1381 illi
527 1344 536 1397 ;
563 1324 674 1382 Beatus
687 1332 792 1382 venter
804 1326 857 1401 qni
869 1331 901 1382 te
919 1325 1062 1401 portarit,
1078 1332 1112 1383 et
1131 1326 1223 1384 ubera
1239 1345 1293 1402 qus

105 1405 221 1464 suxisti
273 1408 319 1462 At
339 1404 390 1463 ille
409 1404 505 1477 dixit,
536 1404 717 1478 Quinimmo,
733 1406 813 1464 beati
826 1407 879 1482 qni
891 1407 1018 1464 audiunt
1037 1407 1168 1464 verbnm
1190 1407 1254 1478 Dei,
1269 1413 1294 1463 et

105 1486 278 1544 custodiunt
289 1485 373 1543 illud

169 1566 361 1640 offertorium

167 1646 255 1704 Felix
275 1666 403 1723 nemque
415 1666 455 1717 es,
470 1666 551 1704 sacra
564 1646 649 1724 virgo
663 1647 770 1719 Maria,
784 1654 816 1705 et
828 1647 911 1705 omni
920 1646 1010 1705 leude
1022 1647 1217 1726 dignimma:
1234 1646 1291 1726 qu'n

106 1747 146 1786 ex
159 1735 190 1785 te
203 1734 285 1786 ortus
298 1734 343 1786 est
356 1728 400 1786 sol
408 1728 536 1804 justitie
551 1727 687 1786 Christus
700 1728 783 1786 Dens
796 1738 905 1802 noster,
918 1728 1056 1805 alleluya

165 1819 287 1878 Secreta.

166 1901 240 1974 Tus,
255 1900 393 1972 Domine,
407 1899 617 1978 propitiatione
634 1907 666 1959 et
683 1902 778 1959 beate
798 1900 857 1960 Dei
869 1900 1028 1979 genetricis
1045 1922 1164 1980 semper
1183 1901 1290 1980 virginis

106 1980 212 2039 Maria
228 1983 438 2040 intercessione
459 1981 497 2039 ad
510 1991 684 2058 perpetuam
706 1989 797 2059 atque
819 1989 995 2059 presentem
1013 1983 1078 2042 linc
1097 1984 1209 2042 oblatio
1220 1982 1290 2042 uobis

105 2063 240 2140 proficiat
252 2064 478 2140 prosperitatem
491 2070 522 2120 ct
534 2082 644 2139 pacem
686 2061 745 2120 Per
757 2064 891 2122 eundem.

130 2197 133 2207 ·
167 2155 350 2214 Communio.

165 2236 266 2293 Beate
279 2237 393 2293 viscera
403 2227 512 2293 Marire
525 2234 660 2313 virginis,
669 2255 735 2314 quse
748 2241 944 2314 portaverunt
950 2237 1057 2295 aeterni
1070 2237 1172 2296 Patris
1184 2238 1286 2297 Filium

166 2328 408 2386 Postoommunio.

166 2407 307 2484 Sumptis,
323 2409 462 2481 Domine,
475 2407 580 2466 salutis
596 2414 704 2467 nostroe
722 2409 869 2482 subsidiis,
883 2411 930 2482 da,
945 2431 1126 2488 quesumus,
1140 2414 1230 2472 beata
1240 2409 1287 2471 Dei

104 2489 261 2565 genetricis
283 2509 456 2566 semperque
479 2490 605 2572 virginis
620 2489 724 2548 Marise
744 2511 798 2549 nos
818 2493 989 2568 patrociniis
1008 2490 1121 2570 ubique
1133 2493 1284 2572 protegiiu

105 2571 189 2647 cujus
203 2572 392 2629 veneratione
405 2572 467 2627 haec
480 2577 541 2627 tuae
555 2571 718 2651 obtulimus
731 2574 887 2649 majestati
930 2572 990 2631 Per
1002 2576 1139 2632 eundem.

355 2819 406 2876 De
427 2835 527 2877 suari
547 2819 658 2877 lisura
680 2837 713 2877 nr
733 2838 874 2880 reserens
895 2822 1061 2882 Pisonum
1116 2879 1120 2886 .

168 2974 308 3068 Officium
352 2973 448 3046 Salve,
463 2980 565 3031 sancta
579 2994 691 3053 parens

167 3056 278 3192 (iiiiii
294 3136 379 3193 nobis
406 3155 528 3211 semper,
558 3135 743 3211 omnipotens
771 3136 869 3209 Pater,
898 3145 929 3195 et
960 3140 1107 3216 praecipue
1137 3141 1216 3198 inter
1237 3138 1284 3195 beo

106 3214 260 3272 Paschalia
274 3216 344 3273 Filii
363 3217 409 3274 tui
429 3216 583 3274 sollemnia
599 3218 771 3274 continuata
786 3218 843 3275 Dei
856 3220 1012 3294 genetricis
1027 3221 1132 3280 Μαι-ἰῶ
1154 3219 1284 3285 memoria

106 3315 171 3371 qum
185 3304 216 3352 et
239 3297 337 3354 astitit
351 3297 506 3354 vulnerata
529 3298 652 3354 caritate
673 3299 705 3354 iu
726 3319 811 3356 cruce
832 3300 982 3375 pendenti,
1004 3310 1035 3358 et
1054 3311 1134 3360 astat
1154 3324 1173 3362 a
1190 3299 1284 3360 dextris

106 3377 207 3451 regina
218 3377 249 3432 in
263 3377 333 3434 caelo
346 3379 491 3453 regnanti.
535 3379 593 3435 Per
606 3379 741 3435 eundem.

165 3473 260 3530 Lectio
274 3473 428 3532 Ezechielis
442 3475 591 3550 Propheta
606 3475 691 3550 (elio.
711 3477 787 3552 1-3).

168 3555 205 3612 In
219 3554 322 3610 diebus
336 3554 413 3627 illus,
429 3555 570 3613 Converti
583 3576 631 3614 me
650 3557 688 3613 ad
708 3557 788 3613 viam
808 3564 900 3633 porta
920 3579 1011 3634 usque
1024 3561 1065 3617 ed
1079 3581 1133 3637 per
1146 3563 1223 3618 riam
1235 3559 1283 3634 ejus

105 3637 386 3773 egoeiiliitdiri'aecdoe
399 3718 543 3791 nequead
559 3716 718 3775 Sabbatum
731 3719 850 3777 dicatur
864 3719 998 3778 &adala

165 3798 326 3854 Benedicta
340 3805 371 3853 et
384 3798 567 3856 venerabilis.

164 3878 313 3953 Alleluya.
362 3878 391 3935 V.
414 3877 487 3936 Post
500 3887 626 3951 partum

164 3970 203 4026 Er
217 3971 318 4028 winde
331 3991 421 4045 utpote
434 3971 476 4027 ud
489 3972 662 4028 Trinitatem
676 3973 814 4029 dicotur:

164 4050 312 4125 Alleluya
362 4052 390 4112 V.
414 4052 472 4109 Per
486 4058 524 4121 te,
538 4053 598 4109 Dei
612 4054 756 4129 genetrix,
771 4053 856 4110 nobis
869 4060 914 4110 est
927 4052 991 4110 rita
1007 4054 1126 4130 perdita
1142 4054 1218 4127 dats,
1232 4067 1281 4129 qne

103 4129 139 4186 de
152 4132 222 4188 caelo
236 4133 389 4208 suscepisti
402 4133 524 4208 prolem,
537 4141 568 4190 et
582 4136 692 4192 mundo
706 4134 836 4208 genuisti
849 4134 1033 4192 salvatorem

163 4212 310 4288 Alleluya
360 4213 388 4271 V.
405 4213 477 4271 Post
486 4221 607 4289 partum
618 4216 700 4292 virgo
711 4215 853 4273 inviolata
866 4215 1067 4291 permansisti:
1088 4215 1149 4274 Dei
1155 4213 1281 4294 genem

103 4289 251 4350 intercede
266 4313 319 4370 pro
332 4295 426 4365 nobis,
441 4295 577 4370 alleluya

165 4374 327 4447 Sequentia,

164 4454 279 4512 Summi
293 4457 380 4532 regis,
395 4476 491 4532 quoere
504 4452 590 4533 infre
604 4456 727 4515 Oetaeae
739 4455 959 4534 Assumptionie
971 4457 1060 4516 deam
1072 4458 1188 4518 Moria-
