2804 4920
398 344 445 409 Io
467 343 589 409 illatoli
612 343 722 409 uni-os
747 344 920 429 Martyris.
1195 348 1257 416 373

116 510 261 569 Psalmus.

116 590 233 746 Eppium
248 599 293 649 est
307 592 441 650 confiteri
456 592 605 650 Domino:
626 600 658 649 et
671 592 794 669 pisallere
808 592 997 664 nominituo,
1013 592 1163 652 altissime.

118 670 142 727 0
173 672 259 730 cinna

116 751 220 811 Gloria
241 759 272 810 et
293 753 404 812 honore
427 754 575 811 coronasti
598 774 685 812 eum:
714 761 745 812 et
766 753 948 812 eonstituisti
971 774 1040 812 eum
1061 774 1149 831 super
1170 774 1258 831 opera

51 852 200 891 manuum
214 843 341 892 tuarum.

118 914 262 973 Psalmns.

116 996 246 1054 Domine
270 996 418 1054 Dominus
440 1002 558 1055 noster:
590 1015 679 1073 quam
707 996 880 1054 admirabile
907 1003 952 1055 est
979 1017 1086 1055 nomen
1115 1004 1200 1055 tuum
1225 998 1257 1054 in

56 1077 196 1135 universa
208 1086 296 1135 terra

118 1156 259 1233 Officium.

116 1238 280 1298 Protexisti
293 1259 350 1310 me,
366 1240 456 1308 Deus,
472 1260 490 1296 a
503 1246 652 1297 conventu
668 1239 906 1316 malignantium,
921 1260 940 1296 a
960 1240 1153 1299 multitudine
1174 1260 1256 1317 oper·

56 1320 171 1377 antium
187 1320 386 1397 iniquitatem,
403 1320 539 1395 alleluya,
555 1320 690 1397 alleluya

116 1401 263 1460 l'snlmats.

115 1481 245 1553 Exaudi,
270 1483 360 1547 Dens.
382 1482 545 1541 orationem
574 1503 669 1541 meam
694 1503 761 1540 cum
786 1483 942 1560 deprecor:
971 1505 989 1540 a
1013 1484 1119 1540 timore
1143 1482 1257 1540 inimici

56 1562 147 1620 libem
160 1564 291 1621 animam
305 1584 408 1622 meam.

117 1642 227 1703 Oratab.

115 1723 238 1797 Praesta,
253 1745 429 1802 quaesumus‚
444 1726 632 1803 omnipotens
648 1726 737 1797 Deus,
752 1734 787 1783 ut
801 1725 1001 1784 intercedente
1019 1727 1106 1783 beato
1126 1731 1256 1801 martyro

57 1813 117 1875 tuo,
132 1826 151 1863 a
168 1807 283 1864 eunetis
301 1806 531 1864 adversitatibus
554 1807 725 1864 muniamur
738 1809 770 1864 in
793 1826 921 1883 corpore,
937 1813 968 1864 et
989 1826 1008 1863 a
1029 1807 1128 1883 pravis
1150 1809 1256 1887 eogita-

56 1886 187 1944 tionibus
201 1887 379 1945 mundemur
392 1887 424 1944 in
438 1897 545 1946 mente.
589 1889 647 1946 Per
660 1888 832 1946 Dominum.

115 1984 212 2043 Lectio
224 1984 294 2042 libri
305 1984 465 2060 Sapientiae
477 1984 607 2062 (Ecolus.
623 1985 680 2045 aie.
697 1986 757 2057 203
775 2006 820 2043 xo.
836 1986 886 2044 3-6
888 1985 913 2062 )

117 2065 230 2123 Beatus
250 2066 306 2138 vir,
321 2066 373 2142 qui
394 2066 425 2123 in
451 2066 596 2143 sapientia
616 2087 705 2141 asqm
727 2067 768 2123 acl
790 2066 970 2123 hereditabit
999 2065 1085 2123 illum
1109 2065 1257 2124 Dominus

61 2144 140 2203 Deus
153 2153 261 2206 noster.

116 2226 258 2303 Epistola.
303 2227 398 2285 Lectio
413 2227 481 2286 libri
494 2228 653 2304 Sapientiae
666 2227 799 2303 (Eerlam.
814 2229 893 2286 amai.
910 2228 975 2285 8-ll
981 2228 1005 2304 )

117 2308 228 2367 Beatus
241 2308 296 2382 vir,
311 2310 364 2386 qui
378 2310 519 2367 inventus
532 2315 578 2367 est
594 2330 681 2384 usqae
694 2310 736 2367 od
749 2309 844 2366 omnis
857 2309 988 2367 Ecclesia
1001 2315 1177 2367 sanctorum.

115 2401 211 2460 Lectio
226 2402 295 2461 libri
309 2402 468 2479 Sapientiae
484 2403 589 2479 (Pron.
606 2403 651 2460 iii.
671 2403 784 2480 13-20).

118 2482 230 2541 Beatus
249 2482 346 2555 homo,
361 2485 414 2560 qni
434 2484 552 2542 invenit
572 2485 748 2561 sapientiam
768 2505 860 2559 sesque
880 2486 921 2541 ml
941 2491 973 2542 et
993 2485 1086 2542 nubes
1107 2504 1173 2542 rore
1193 2503 1258 2541 oon-

64 2569 201 2621 crescunt.

120 2645 213 2702 Lectio
227 2644 296 2703 libri
307 2646 465 2721 ilopierrtiae
479 2648 532 2717 (in.
552 2648 629 2715 ἰ’-11,
646 2646 769 2722 13-15).

117 2725 138 2783 J
139 2737 225 2783 ustus
238 2727 263 2782 si
279 2735 373 2785 morte
386 2748 478 2802 usqam
492 2729 532 2784 ml
546 2734 695 2802 respectus
709 2727 740 2783 in
754 2727 862 2784 eleetos
875 2726 963 2783 illius.

117 2818 214 2876 Lectio
226 2817 366 2894 Epistola
380 2819 455 2877 boati
467 2819 573 2877 Jacobi
586 2821 609 2875 „l
609 2818 717 2895 postoli
730 2820 746 2895 (
749 2820 766 2876 i.
785 2819 879 2895 2-12).

117 2899 214 2958 Omne
226 2899 368 2976 gaudium
382 2901 551 2959 existimate
564 2921 654 2975 usqne
667 2900 709 2958 ad
721 2901 914 2976 diligentibus
928 2920 965 2958 se.

116 2989 167 3049 Ad
184 2991 364 3051 Timotheum
380 2994 410 3063 (2
428 2993 501 3051 lina.
517 2994 549 3052 ii.
567 2993 660 3065 4-10).

118 3072 215 3130 Nemo
237 3073 370 3132 militans
394 3075 459 3132 Deo
483 3095 574 3149 aesque
597 3075 638 3131 ad
658 3094 723 3151 qua
746 3082 791 3131 est
816 3076 847 3131 in
870 3074 991 3133 Christo
1012 3073 1086 3131 Jesu
1109 3074 1141 3130 in
1164 3074 1258 3150 gloria

60 3152 172 3211 (alesti.

117 3234 214 3293 Lectio
228 3234 297 3293 libri
309 3236 468 3311 Sapientes
483 3236 615 3310 (chclns.
632 3236 661 3293 li.
681 3238 727 3293 1-8
732 3237 753 3309 ).

118 3315 289 3374 Confitebor
301 3316 368 3387 tibi,
383 3318 512 3375 Domine
530 3338 620 3392 nsque
638 3316 680 3375 ud
699 3317 805 3374 liberas
827 3336 877 3375 eos
899 3318 935 3374 ile
958 3316 1094 3374 manibus
1114 3318 1257 3396 gentium,

55 3384 185 3455 Domine
198 3395 282 3455 Dens
294 3404 402 3456 noster.

118 3490 167 3547 Ad
183 3488 364 3548 l'irrwlleom
378 3490 408 3566 (2
422 3491 455 3550 ii.
472 3492 561 3563 8-105
581 3492 626 3549 iii.
646 3491 756 3567 10-12).

118 3570 291 3629 Carissime:
311 3571 429 3630 Memor
441 3588 505 3629 esto
520 3572 682 3630 Dominum
697 3592 786 3647 usqne
800 3573 840 3629 ml
854 3573 1086 3649 persecutionem
1097 3573 1256 3650 patientur.

118 3662 169 3720 Ad
183 3663 366 3721 Timotheum
381 3664 412 3741 (2
427 3666 463 3722 io.
482 3666 550 3737 1-8).

118 3742 272 3802 Testilieor
285 3765 382 3803 eoram
398 3747 462 3803 Deo
478 3748 620 3821 usquead
634 3747 685 3823 qni
699 3746 829 3824 diligunt
843 3747 1003 3804 salventum
1019 3747 1090 3822 ejus.

119 3826 167 3883 Ad
181 3825 356 3885 c'orimaios.

119 3906 297 3964 Benedictus
312 3908 394 3964 Dens
408 3915 439 3965 ot
452 3906 551 3979 Pater,
567 3919 600 3965 nl
614 3908 646 3966 in
663 3907 820 3967 Cornmnni
829 3907 1028 3983 plurimorum
1043 3916 1214 3984 oinrtyrnm.

120 3986 254 4045 (li-adole.
1053 4032 1056 4039 .

119 4067 258 4139 Posuisti,
274 4068 412 4141 Domine,
426 4089 515 4146 snper
528 4078 617 4146 eaput
631 4071 695 4145 ejus
709 4089 845 4127 eoronam
860 4069 896 4126 de
917 4068 1014 4145 lapide
1028 4068 1162 4145 pretioso.

50 4131 93 4200 l³·
119 4148 306 4208 Desiderium
320 4149 426 4207 animm
440 4152 504 4227 ejus
517 4152 649 4209 tribuisti
664 4151 708 4209 ei:
730 4158 762 4209 et
776 4150 930 4207 voluntate
949 4149 1094 4207 labiorum
1114 4151 1178 4225 ejus
1198 4169 1259 4208 uon

43 4214 202 4289 fraudasti
214 4249 291 4289 eum.

122 4310 255 4370 Gradale.

121 4390 230 4451 Beatus
243 4392 300 4464 vir,
315 4393 367 4469 qui
381 4394 469 4452 timet
482 4395 665 4454 Dominum:
687 4395 720 4452 iu
733 4393 881 4451 mandatis
895 4394 958 4469 ejus
972 4392 1056 4469 eupit
1069 4393 1165 4450 nimis.

57 4454 100 4525 V·
125 4470 233 4533 Potens
246 4473 280 4531 iu
292 4482 373 4532 terra
386 4475 444 4533 erit
457 4495 557 4533 semen
571 4477 653 4551 ejus:
673 4475 824 4553 generatio
838 4481 986 4532 raetorum
999 4474 1196 4536 benedicetur.
