2804 4920
168 348 208 412 12
474 347 494 410 I
496 368 517 409 u
545 344 677 430 Vipilia
697 343 902 410 Natiuitatis
921 342 1077 410 Domini.

484 513 524 570 Iu
544 513 675 571 Vrornm
695 512 899 571 Narrvrrarrs
918 511 1049 572 Donnn.

227 593 252 652 O
283 594 368 653 oium.

223 592 324 733 Rhinia
337 675 435 734 scietis
447 674 518 751 quia
531 675 632 733 veniet
650 674 798 733 Dominus
815 680 846 732 et
863 673 992 732 salvabit
1004 692 1067 746 vos,
1081 678 1111 731 et
1129 691 1219 733 mane
1230 669 1364 732 videbitis

163 756 288 834 gloriam
302 756 372 832 ejus

226 837 372 896 Psalmus.

226 917 288 988 Qui
300 919 376 994 regis
389 917 483 976 Israel
496 917 636 977 intende:
657 917 709 994 qui
722 917 842 976 deducis
854 917 940 975 velut
953 935 1039 976 ovem
1052 915 1175 994 Joseph.

228 999 337 1057 (trutsb.

226 1079 318 1153 Deus,
343 1080 395 1156 qui
421 1100 475 1138 nos
499 1079 709 1157 redemptionis
734 1085 843 1136 nostrae
870 1099 970 1137 annua
997 1078 1203 1156 expectatione
1229 1076 1359 1150 latitas,

164 1166 280 1237 praesta,
294 1166 330 1219 ut
344 1160 542 1239 Unigenitum
563 1168 650 1219 tuum
670 1180 758 1237 quem
777 1161 993 1237 redemptorem
1013 1159 1076 1218 laeti
1094 1159 1278 1237 suscipimus,
1291 1158 1360 1217 veni

166 1248 266 1299 entem
292 1261 408 1319 quoque
438 1241 570 1318 judicem
597 1243 692 1300 securi
719 1241 878 1314 videamus,
909 1241 1073 1300 Dominum
1100 1248 1239 1299 nostrum
1264 1240 1358 1300 Jeaum

166 1322 326 1395 Christum,
342 1323 453 1380 Filium
467 1330 554 1381 tuum
566 1343 575 1395 ;
598 1324 657 1393 Qui
671 1329 776 1380 tecum.

225 1402 323 1461 Lectio
337 1404 435 1461 Esaia
449 1404 599 1479 Prophetes
611 1403 692 1477 (lcii.
712 1403 787 1479 1-4).

226 1483 301 1542 Hseo
319 1484 392 1543 dicit
410 1484 556 1542 Dominus
574 1485 674 1558 Deus3
697 1484 825 1561 Propter
848 1483 921 1542 Sion
942 1503 1033 1560 usque
1052 1485 1094 1542 ud
1115 1483 1294 1561 eomplaouit
1308 1482 1356 1541 Do

165 1566 246 1623 mino
259 1565 292 1622 in
306 1572 344 1623 te.

225 1646 339 1704 Deirule
353 1646 456 1722 ohsqra
470 1646 620 1706 interuallo
634 1647 748 1722 lepotur
761 1645 901 1722 Epistola.

226 1726 276 1783 Ad
289 1725 436 1785 Romarws
452 1729 471 1804 (
471 1728 489 1785 i.
510 1728 555 1784 1-6
557 1730 583 1805 )

226 1807 362 1865 Fratres:
385 1808 504 1880 Paulus,
528 1828 630 1866 servus
648 1808 723 1867 Jesu
744 1808 856 1866 Christi
877 1826 968 1885 usqae
991 1809 1033 1866 ad
1055 1813 1087 1867 et
1108 1826 1161 1867 vos
1179 1807 1278 1867 vooati
1292 1804 1352 1866 lau
1398 1828 1400 1833 ·

166 1887 278 1946 Christi
292 1888 417 1947 Domini
431 1890 533 1948 nostri

225 1967 359 2029 Gradale.

225 2049 325 2109 Hodie
338 2051 436 2109 scietis
450 2050 520 2129 quia
533 2051 635 2109 veniet
648 2051 795 2110 Dominus
809 2057 840 2110 et
853 2051 981 2109 salvabit
993 2070 1064 2109 nos:
1087 2055 1118 2109 et
1131 2069 1219 2109 mane
1231 2046 1351 2108 videbilis

184 2130 289 2189 lorium
303 2133 374 2190 e'us.

164 2151 201 2269 gV.
229 2212 290 2282 Qui
302 2152 378 2290 rJegis
391 2212 493 2284 Israel,
509 2212 647 2271 intende:
669 2213 720 2290 qui
733 2213 852 2271 deducis
862 2212 946 2271 velut
958 2232 1044 2271 ovem
1057 2212 1179 2290 Joseph.
1216 2207 1351 2283 Quale

166 2311 253 2369 super
268 2292 428 2365 Cherubin,
443 2313 550 2370 appare
564 2313 661 2350 comm
675 2293 827 2371 Ephraim,
843 2294 1010 2371 Benjamin,
1025 2300 1056 2351 et
1070 2294 1216 2352 Manasse

225 2371 262 2431 Si
275 2370 432 2431 Domiuiea
443 2374 550 2448 suerit,
565 2374 713 2451 Alleluya

173 2454 200 2512 V.
227 2453 364 2591 Cluatina
377 2454 424 2512 die
438 2455 586 2514 delebitur
598 2453 741 2532 iniquitas
754 2461 859 2514 terrae:
876 2462 906 2514 et
920 2456 1056 2534 regnabit
1069 2474 1158 2533 super
1166 2474 1220 2514 vos
1232 2453 1351 2514 Salvator

166 2553 238 2591 mnu
259 2554 276 2591 1.

225 2614 393 2674 »teotradum
406 2616 579 2675 Muttluearu
596 2617 634 2695 (i
653 2617 766 2695 18-21).

224 2696 264 2754 In
278 2697 329 2755 illo
343 2704 483 2775 tempore,
500 2698 575 2757 Cum
590 2704 665 2758 esset
679 2698 854 2776 desponsata
866 2719 957 2774 usque
970 2700 1012 2756 (ut
1025 2721 1043 2757 a
1055 2698 1182 2777 peccatis
1196 2717 1302 2756 eorum

227 2777 420 2852 offertorium.

224 2860 332 2919 Tollite
353 2869 461 2939 portus,
480 2862 636 2939 principes,
655 2867 786 2920 vestras:
811 2867 842 2919 et
863 2859 1021 2919 elevamini
1043 2864 1136 2936 portae
1160 2853 1354 2938 setemalmtet

164 2941 301 2998 introibit
314 2962 368 3000 rex
381 2943 489 3020 gloriae.
555 2950 557 2955 ‘
1141 2954 1146 2963 '

224 3021 345 3083 Secreta.

224 3101 274 3158 Da
286 3103 380 3174 nobis,
394 3123 570 3179 quaesumus,
586 3103 771 3180 omnipotens
788 3103 887 3161 Deus:
908 3110 944 3161 ut
963 3104 1041 3160 sicut
1060 3103 1211 3162 adoranda
1231 3103 1302 3162 Filii
1318 3098 1355 3160 ui

163 3182 301 3317 spatalitia
320 3185 524 3259 praevenimus,
539 3184 580 3241 sie
601 3185 665 3261 ejus
688 3203 811 3241 munera
832 3185 980 3263 capiamus
997 3185 1177 3262 sempiterna
1198 3186 1355 3263 gaudentes

192 3281 224 3320 er
237 3263 370 3321 eundem.

224 3343 367 3419 Praefatio
381 3345 561 3418 quotidiana

225 3422 403 3483 Communia.

224 3504 420 3564 Revelabitur
431 3507 525 3583 gloria
538 3507 679 3566 Domini:
693 3514 724 3566 et
733 3507 847 3566 videbit
860 3509 956 3567 omnis
969 3505 1178 3567 earo‘salutare
1191 3509 1252 3567 Dei
1264 3505 1359 3568 nostrl

223 3585 465 3646 Postcoramuaia

224 3666 272 3724 Da
286 3668 378 3740 nobis,
395 3669 530 3742 Domine,
546 3689 721 3746 quaesumus,
733 3670 892 3748 Unigeniti
906 3671 977 3728 Filii
991 3671 1036 3727 tui
1051 3670 1194 3728 recensita
1207 3670 1363 3729 nativitate

163 3748 314 3823 respirare,
331 3750 414 3826 cujus
430 3751 539 3808 caelesti
556 3752 697 3827 mysterio
714 3753 861 3829 pascimur
882 3758 913 3810 et
934 3758 1079 3829 potamur.
1123 3751 1181 3809 Per
1204 3751 1365 3810 Dominum

162 3835 297 3887 nostrum
311 3830 332 3887 J
334 3850 415 3888 esum
430 3830 580 3889 Christum
598 3832 705 3889 Filium
718 3838 813 3890 tuum.

223 3909 258 3966 Si
281 3911 338 3969 iste
366 3912 473 3986 Vigiliu
494 3914 527 3970 in
549 3912 705 3971 Dominiea
726 3914 855 3986 evenerit,
874 3914 969 3971 illisve
983 3912 1178 3972 Domiuiealis
1196 3913 1316 3972 dicum
1332 3912 1369 3971 ia

164 3990 300 4066 Capitale
321 3993 383 4050 sine
405 3994 542 4067 repimine
564 3994 660 4066 Ultori,
676 4003 701 4052 et
722 3996 783 4052 siae
805 3995 969 4070 Sequentia.
1012 3995 1108 4052 Missa
1124 4014 1190 4053 uero
1205 3995 1240 4053 de
1261 3993 1369 4068 Viqtta

162 4073 281 4129 dicatur
294 4075 335 4131 ad
348 4094 488 4149 acapnum
502 4074 603 4132 Altera
617 4096 683 4132 eum
696 4077 833 4152 repimiue
848 4075 936 4136 Obori
950 4097 1016 4135 caru
1028 4074 1177 4152 Alleluya
1227 4076 1258 4135 V.
1284 4076 1369 4135 cna

163 4154 236 4226 tina,
251 4163 276 4212 et
293 4175 360 4214 cam
373 4156 529 4231 Sequentia
542 4155 564 4212 J
566 4155 719 4214 ubilemns.

299 4410 305 4422 ι
438 4325 540 4385 Mrssa
561 4342 594 4383 ns
614 4342 713 4386 noers
733 4326 936 4387 Nanvrrnns
958 4327 1088 4386 Dounn.

224 4409 372 4548 gjppppps
385 4488 464 4548 dixit
476 4488 515 4547 ad
528 4507 583 4564 me,
599 4487 694 4548 Filius
707 4505 790 4548 meus
803 4509 833 4549 es
847 4496 899 4550 tu:
919 4509 973 4569 ego
985 4489 1073 4548 hodie
1085 4488 1176 4568 genui
1188 4495 1229 4551 te.
