2804 4920
436 335 540 402 Hebri.
563 335 603 402 ii.
628 335 907 422 Quadrapeeimoe.
1230 342 1274 406 59

128 502 275 561 Paolmus.

126 583 256 656 Exaudi,
272 584 409 658 Domine,
420 584 572 661 justitiam
585 604 700 644 meam:
720 585 842 644 intende
855 586 1090 664 deprecationem
1103 607 1206 648 meam.

129 663 239 724 Oratio.
1226 716 1230 724 .

128 745 185 817 Da,
201 765 376 822 quaesumus,
395 747 581 823 omnipotens
602 748 692 819 Deus,
714 754 757 819 ut,
780 767 861 806 sacro
881 768 935 807 nos
955 749 1130 826 purificante
1146 750 1270 826 jejunio,

82 828 188 884 moeris
201 827 351 884 mentibus
365 828 403 886 ad
417 834 519 885 sancta
532 835 659 886 ventura
672 829 761 886 facias
774 830 935 906 pervenire
978 830 1038 889 Per
1051 830 1222 888 Dominum.

125 908 223 966 lectio
236 907 304 966 lebet
319 908 434 967 Gerrecia
453 908 578 986 (xm-cii.
596 910 690 988 6-22).

127 988 168 1046 In
182 989 284 1046 diebus
296 989 364 1061 illis,
380 989 469 1047 Dixit
482 990 504 1048 J
506 990 596 1068 oseph
615 990 758 1048 fratribus
778 992 856 1049 suis:
877 991 991 1049 Audite
1011 993 1159 1050 somnium
1173 1011 1272 1049 nreum

82 1070 145 1127 uod
158 1070 221 1127 vidi
240 1090 331 1144 usquc
344 1071 386 1127 ad
406 1070 476 1128 Hoc
495 1078 595 1129 autem
616 1071 740 1145 dicebat,
755 1072 857 1130 volens
877 1093 945 1131 eum
962 1073 1073 1150 eripere
1086 1073 1123 1131 de
1136 1073 1272 1131 manibus

82 1170 176 1223 orum,
192 1158 223 1208 et
236 1151 357 1209 reddere
370 1152 450 1228 patri
463 1172 524 1210 suo.

129 1231 263 1290 Gracile.

126 1312 178 1370 Ad
192 1312 356 1370 Dominum
370 1332 437 1371 cum
451 1314 610 1371 tribularer
622 1313 766 1373 clamavi:
792 1321 823 1373 et
835 1315 991 1373 exaudivit
1004 1335 1058 1374 me.

82 1393 99 1452 '.
128 1394 267 1466 Domine,
283 1394 374 1452 libera
386 1395 516 1453 animam
530 1415 625 1452 meam
639 1415 657 1453 a
670 1396 757 1454 labiis
769 1396 898 1473 iniquis:
919 1403 950 1455 et
963 1416 981 1454 a
994 1397 1097 1474 lingua
1110 1395 1216 1454 dolosa

128 1492 260 1550 Tractus.
304 1492 443 1564 Domine,
457 1512 518 1550 non
534 1494 704 1551 secundum.

126 1572 296 1631 Secundum
309 1573 484 1631 Mattianum
503 1574 578 1649 (cxci.
597 1575 712 1652 telo).

126 1653 167 1711 In
191 1654 243 1711 illo
263 1660 403 1731 ternpore,
425 1655 515 1712 Dixit
538 1655 626 1713 Jesus
647 1656 798 1732 discipulis
821 1656 883 1713 suis
906 1661 938 1713 et
961 1656 1057 1713 turbis
1080 1656 1276 1715 Judaeorum:

82 1733 168 1793 Iomo
189 1735 310 1811 quidem
331 1741 394 1793 crat
413 1736 632 1811 paterfamilias,
648 1737 699 1812 qui
721 1737 868 1812 plantavit
881 1737 999 1795 vineam
1015 1758 1105 1812 usquc
1125 1737 1166 1794 od
1185 1736 1275 1794 timu-

82 1822 155 1873 rnnt
168 1817 289 1874 turbas:
310 1817 450 1892 quonism
463 1817 540 1874 siout
553 1817 726 1893 prophetam
741 1837 809 1876 eum
822 1818 980 1876 habebant

127 1912 322 1987 offertorium.

128 1995 265 2066 Domine,
275 1995 308 2051 in
318 1995 465 2052 auxilium
476 2015 574 2054 meum
584 1997 712 2072 respice:
733 1995 954 2054 confundantur
966 2002 997 2054 et
1010 2001 1207 2066 revereantur,
1220 1994 1273 2071 qui

82 2082 204 2152 ,uerunt
217 2077 348 2133 animam
362 2096 467 2148 meam,
482 2082 517 2133 ut
530 2077 667 2135 auferant
680 2096 752 2134 eam.

125 2156 248 2215 secreta.

126 2238 202 2296 Haec
212 2238 245 2294 in
256 2237 341 2295 nobis
351 2238 499 2309 sacrificia,
511 2238 640 2296 Domine
649 2240 741 2313 Deus,
750 2244 781 2297 et
793 2239 909 2298 actione
919 2244 1122 2317 permaneant,
1134 2243 1165 2296 et
1175 2256 1272 2314 opera·

82 2317 147 2376 ione
160 2319 325 2376 firmentur.
369 2318 428 2375 Per
441 2319 612 2378 Dominum

128 2398 311 2458 Communia.

127 2479 180 2553 Tu,
203 2480 343 2553 Domine,
366 2480 496 2539 servabis
515 2500 588 2540 nos:
613 2488 644 2539 et
663 2482 810 2541 custodies
833 2502 888 2541 nos
911 2502 929 2540 a
952 2482 1140 2560 generatione
1161 2480 1217 2538 hac
1239 2480 1272 2538 in

82 2564 216 2618 eternum.

128 2657 370 2717 Poatcoormunio.

128 2738 184 2798 Fac
197 2759 262 2812 nos,
277 2740 414 2812 Domine,
430 2746 549 2817 accepto
562 2739 685 2818 pignore
698 2740 802 2798 salutis
816 2747 943 2813 aeternae,
959 2741 1000 2799 sic
1013 2740 1134 2798 tendere
1150 2758 1274 2816 congru·

84 2822 166 2878 enter:
186 2828 222 2879 ut
236 2821 274 2878 ad
288 2841 353 2879 eam
367 2821 520 2897 pervenire
533 2822 685 2898 possimus.
727 2821 787 2878 Per
800 2822 971 2880 Dominum

130 2917 221 2994 Super
238 2917 391 2994 populum.

130 2997 181 3072 Da,
196 3018 375 3076 quaesumus,
391 2999 528 3072 Domine,
551 2999 660 3076 populo
680 3005 733 3057 tuo
753 2998 880 3057 salutem
899 2999 1008 3057 mentis
1029 3004 1059 3056 ot
1079 2997 1215 3076 corporis,
1237 3005 1273 3056 ut

88 3071 152 3136 bonis
176 3080 314 3157 operibus
341 3079 520 3153 inhaerendo,
545 3087 605 3138 tuse
633 3100 748 3158 semper
770 3081 893 3138 virtutis
920 3086 1068 3139 mereatur
1091 3081 1272 3157 protectione

88 3151 189 3220 defendi
234 3161 295 3219 Per
308 3161 480 3220 Dominum.

596 3322 746 3384 Sensuro.

111 3418 336 3584 &agimini
356 3500 621 3577 irreprehensibilis
641 3507 816 3561 convertens
835 3502 966 3561 animas:
990 3502 1193 3561 testimonium
1214 3503 1274 3560 Do

89 3580 246 3722 ffllnbpplele,
262 3582 439 3659 sapientiam
452 3589 595 3659 praestans
609 3583 749 3659 parvulis.

90 3827 111 3869 m
134 3685 354 3804 Οωῧᾞπωὺ
367 3744 491 3824 gloriam
506 3744 581 3803 Dei:
602 3752 632 3803 et
646 3765 735 3823 opera
751 3766 893 3804 manuum
913 3746 977 3824 ejus
996 3745 1157 3804 annuntiat
1177 3746 1273 3802 firma·

111 3830 235 3966 ‘tlte

101 4053 107 4065 ,
135 3983 182 4058 Da,
195 4007 373 4065 quaesumus,
389 3988 526 4060 Domine,
542 3989 649 4046 nostris
670 3989 807 4047 effectum
823 3988 947 4067 jejuniis
967 3990 1145 4047 salutarem:
1166 3994 1200 4044 ut
1214 4006 1273 4044 cas·
1359 3982 1363 3991 '

90 4057 286 4206 iiddom
305 4077 465 4147 assumpta,
481 4070 519 4127 ad
535 4079 704 4181 nostrarum
718 4071 936 4147 vegetationem
949 4076 1082 4128 transeat
1095 4071 1269 4127 aniruarurn.

137 4170 309 4289 Lectil'iniehuili
317 4231 433 4289 Geracsis
452 4231 557 4308 (coeii.
575 4232 669 4310 6-39).

137 4304 171 4366 ln
187 4311 288 4370 diebus
308 4311 378 4385 illis,
394 4313 484 4370 Dixit
497 4311 630 4370 Rebecca
648 4312 709 4370 filio
728 4332 781 4371 suo
794 4312 816 4371 J
816 4313 906 4386 acob3
926 4312 1043 4386 Audivi
1056 4317 1170 4389 patrem
1184 4317 1272 4367 tuum

94 4371 233 4456 locurum
245 4413 315 4452 cum
329 4393 408 4451 Esau
421 4393 513 4451 fratre
527 4401 580 4450 tuo
600 4415 691 4469 arsque
711 4395 752 4452 ad
772 4395 811 4452 In
824 4394 1002 4473 pinguedine
1016 4399 1101 4452 terrae
1115 4400 1146 4450 et
1160 4392 1192 4450 in
1205 4411 1273 4451 rore

97 4461 145 4521 “lli
154 4469 276 4551 desuper,
289 4474 349 4532 erit
362 4474 527 4532 benedictio
541 4480 601 4533 tua„
