2804 4920
704 286 836 372 syrtes

340 454 466 527 Christe,
479 453 533 532 qui
545 473 576 513 es
590 452 689 512 Patris
701 454 853 532 sapientia,
868 453 992 530 eleyson

340 535 466 606 Christe,
480 537 534 593 lux
546 535 652 607 oriens,
668 554 821 613 perquem
841 540 913 592 sunt
925 534 1032 606 omnia,
1047 534 1172 611 eleyson

339 616 465 688 Christe,
480 617 538 675 Dei
551 617 645 674 forma
658 616 787 674 humana
798 617 952 693 particeps,
967 615 1093 692 eleyson

338 696 443 773 Kyrie,
457 698 586 774 Spiritus
599 697 752 755 vivificans
765 716 889 774 queque
903 698 988 768 bons,
1002 697 1128 772 eleyson

338 777 444 853 Kyrie,
459 785 595 836 sanetum
609 779 742 836 Pneuma
755 778 914 856 procedens
926 779 963 835 ab
977 785 1113 854 utroque,
1124 776 1259 854 eleyson,

338 858 444 935 Kyrie,
457 868 635 936 expurgator
646 860 788 918 scelerum
802 865 833 917 et
845 858 969 935 largitor
980 859 1091 935 gratie.

337 940 521 1013 Quaesumus,
535 947 655 1017 propter
669 948 784 998 nostras
796 941 921 998 offensus
934 939 996 997 noli
1009 959 1064 998 nos
1076 939 1252 1017 relinquere,

338 1021 364 1079 0
378 1022 543 1080 consolator
556 1022 683 1081 dolentis
695 1023 810 1094 auimae,
825 1021 951 1096 eleyson.

724 1263 820 1322 XIIL

567 1394 684 1468 Kurra,
707 1395 789 1453 Fors
809 1408 977 1452 seruans.

178 1522 282 1599 Kyrie,
307 1524 374 1582 fons
396 1523 548 1595 honitatis,
572 1524 664 1582 Pater
684 1525 824 1601 ingenite,
845 1543 864 1581 a
885 1543 945 1600 quo
969 1530 1075 1581 cuncta
1098 1525 1176 1583 hona
1196 1525 1368 1602 prooedunt,

256 1604 382 1681 eleyson

177 1684 282 1760 Kyris‚
298 1685 350 1761 qui
369 1687 433 1762 pati
448 1686 563 1744 Natum
584 1687 688 1744 mundi
709 1705 762 1762 pro
779 1685 912 1757 murina,
926 1685 1026 1762 ipsum
1047 1691 1083 1743 ut
1102 1685 1241 1761 salum,
1255 1687 1370 1762 misisd,

256 1766 301 1823 ele
321 1786 382 1825 son.

176 1846 284 1923 Kyrie,
300 1786 364 1924 yqui
387 1848 565 1925 septiformis
586 1848 638 1907 dss
666 1848 743 1906 dona
763 1846 946 1917 Pnsumatis,
964 1866 983 1904 a
1004 1866 1063 1923 quo
1083 1847 1189 1905 oaelum
1216 1854 1301 1908 terra
1328 1869 1371 1910 re

253 1928 383 2004 plentur,
397 1931 522 2006 eleyson

174 2008 300 2080 Christe,
322 2010 408 2068 unice
428 2010 487 2068 Dei
508 2010 607 2068 Patris
626 2011 733 2088 genite,
755 2029 843 2086 quem
862 2009 898 2067 de
918 2008 1034 2084 virgine
1053 2009 1240 2069 naseiturum
1259 2012 1372 2073 mundo

252 2090 375 2149 mirifice
387 2091 482 2149 sancti
494 2091 698 2168 praedixerunt
710 2091 867 2168 prophetae,
882 2089 1008 2165 eleyson.

171 2169 288 2228 Christe
311 2172 385 2249 agie,
407 2172 470 2230 oaeli
497 2191 614 2249 compos
635 2172 730 2247 regiae,
752 2172 843 2229 melos
865 2171 965 2248 gloriae
987 2172 1035 2229 cui
1058 2190 1173 2249 semper
1192 2178 1296 2232 astons
1317 2194 1370 2253 pto

250 2271 372 2309 munere
385 2253 554 2330 angelorum
568 2253 705 2310 deesntat
717 2271 802 2328 apex,
817 2253 941 2328 eleyson.

171 2330 297 2403 Christe,
319 2332 431 2390 eaelitus
449 2333 558 2391 nostris
575 2334 648 2391 assis
670 2333 814 2410 precibus,
831 2335 931 2410 pronis
953 2332 1101 2390 mentibus
1119 2352 1208 2410 quem
1227 2334 1264 2393 in
1281 2336 1371 2397 terr'n

253 2411 360 2471 devote
373 2413 503 2487 colimus,
519 2414 556 2471 ad
569 2421 609 2487 te,
625 2414 673 2491 pie
686 2415 708 2473 J
710 2434 770 2488 esu,
785 2415 952 2486 clamantes,
968 2414 1094 2491 eleyson.

174 2491 278 2567 Kyris,
294 2493 422 2570 Spiritus
435 2495 520 2566 alme,
534 2495 681 2554 oohaereus
701 2495 787 2553 Patri
807 2495 955 2573 Natoque,
970 2495 1060 2552 unius
1079 2495 1151 2554 usiae
1171 2497 1368 2573 oonsistendo,

198 2600 201 2605 r
253 2572 367 2633 fluens*
380 2577 418 2634 ab
431 2583 566 2653 utroque,
583 2577 710 2652 eleyson.

172 2654 277 2731 Kyn'e,
300 2657 351 2733 qui
371 2657 519 2734 baptizato
538 2659 568 2715 in
588 2659 610 2716 J
612 2659 721 2716 ordene
741 2659 821 2716 unda
842 2658 961 2717 Christo
981 2656 1123 2734 effulgens
1143 2658 1241 2735 speeie
1260 2660 1371 2720 oolunr

251 2738 321 2795 bina
334 2739 504 2815 apparuisti,
518 2739 642 2816 eleyson

169 2817 275 2894 Kyrie,
289 2819 366 2894 ignis
379 2820 489 2891 divine,
502 2828 621 2897 pectora
634 2828 734 2880 nostra
747 2821 899 2893 suooende,
915 2827 951 2879 ut
964 2821 1048 2897 digni
1060 2820 1173 2898 pariter
1185 2821 1370 2897 proclamem

248 2902 392 2977 possimus
405 2922 528 2980 semper,
543 2903 669 2980 eleyson.

716 3129 808 3186 XIV.

558 3259 675 3331 Krsrs,
697 3261 768 3319 Rex
788 3278 968 3321 seirannus.

167 3386 272 3463 Kyrie,
295 3407 350 3446 rex
373 3388 528 3466 splendens
554 3388 618 3447 oeli
642 3409 716 3461 aree,
739 3391 820 3449 salve
842 3393 965 3470 jugiter,
989 3398 1021 3451 et
1044 3392 1171 3451 clemens
1197 3391 1282 3470 plebi
1305 3403 1366 3455 tun

286 3489 399 3547 semper
412 3470 537 3547 eleyson.

166 3550 356 3627 Hymnidioae
370 3570 457 3628 quem
471 3558 576 3610 turmae
593 3553 744 3611 Cherubin
757 3552 846 3611 laude
865 3554 1035 3631 perenniter
1053 3553 1238 3631 proclamant
1257 3555 1367 3617 insu·

285 3639 378 3705 anter,
393 3632 478 3690 nobis
491 3633 615 3710 eleyson.

164 3711 327 3790 Insigniter
340 3721 465 3772 caterve
478 3715 620 3790 praeoelsse
634 3720 666 3773 et
679 3715 786 3792 quibus
800 3714 945 3792 Seraphin
958 3716 1136 3794 respondent
1150 3723 1182 3775 te
1193 3715 1364 3793 laudantes,

283 3795 378 3852 nostri
390 3795 434 3853 ele
454 3815 514 3854 son

163 3873 289 3947 christe,
303 3895 358 3933 rex
371 3814 539 3948 altithrone,
554 3876 672 3935 ordines
691 3877 862 3955 angelorum
881 3896 988 3935 novem
1009 3897 1098 3955 quem
1117 3878 1242 3938 laudant
1254 3879 1364 3941 ineu·

283 3963 369 4014 anter
381 3957 510 4034 pulchre,
526 3957 647 4036 dignere
660 3959 753 4016 servis
766 3959 827 4016 tuis
840 3978 954 4035 semper
967 3959 1094 4035 eleyson

163 4036 289 4111 Christe,
304 4057 391 4115 quem
404 4044 469 4097 toto
484 4039 555 4097 orbe
575 4040 663 4097 unica
682 4039 803 4097 ecclesia
815 4039 975 4115 hymnizat,
990 4039 1044 4114 sol,
1058 4041 1137 4113 luna,
1152 4047 1243 4114 astra,
1257 4040 1362 4118 tellus,

282 4138 363 4176 mare
376 4119 425 4177 oui
438 4126 469 4177 et
481 4120 673 4191 famulantur,
686 4139 801 4197 semper
813 4120 938 4196 eleyson

162 4198 225 4277 Ipsi
238 4200 316 4259 idem
330 4200 440 4258 inclite
453 4201 557 4278 patris
570 4207 717 4279 perpetue
733 4200 862 4258 heredes
881 4201 977 4260 saneti
996 4221 1097 4260 omnes
1116 4202 1207 4281 digno
1227 4205 1363 4267 earmina

280 4281 465 4359 proclament
477 4301 564 4358 quem
578 4287 710 4354 ovanter,
724 4281 809 4339 nobis
822 4282 948 4357 eleyson
971 4308 975 4315 ·

510 4432 524 4460 ·
540 4433 594 4482 rs·
608 4434 706 4497 punse
721 4434 807 4483 nius
818 4435 862 4482 uu
876 4435 982 4483 “nm’'
