2804 4920
548 344 645 410 Festo
666 340 872 429 Septembris.

361 582 400 640 Iu
420 598 474 640 ure
494 596 601 639 essen
623 579 790 637 Murrum.
834 579 887 655 (xi.
904 579 974 639 Kal.
989 578 1069 656 Oet.)

172 712 313 787 Officium.
356 713 437 771 Mihi
450 718 559 770 eutem.

173 794 281 853 (lrctio.

170 873 257 932 Beati
271 874 410 932 Matthaei
429 873 554 951 apostoli
576 873 620 930 tui
640 882 671 932 et
690 874 886 952 evangeliste,
901 873 1038 944 Domine,
1053 871 1191 948 precibus
1212 871 1308 947 adjur-

110 973 201 1028 emur,
221 965 256 1012 ut
276 955 355 1031 quod
374 955 551 1032 possibilitas
570 962 671 1013 nostru
692 976 752 1014 uon
770 956 895 1025 obturet,
916 955 980 1030 ejus
1000 954 1084 1010 nobis
1104 954 1306 1010 intercessione

109 1035 243 1094 donetur.
287 1037 352 1095 Per.

170 1116 309 1192 Epistola.
353 1116 523 1194 Unicuique
548 1123 689 1189 vestrum,
704 1117 818 1193 require
841 1126 916 1175 ret-ro
938 1115 973 1174 in
992 1115 1077 1173 Festo
1096 1115 1194 1173 sancti
1214 1114 1305 1172 Marci

110 1198 294 1273 semusto.

171 1277 304 1337 Grodclc.
349 1278 527 1337 Constitues.

169 1358 317 1436 Alleluyc.
367 1360 396 1417 l'.
419 1359 491 1417 Non
504 1379 556 1416 ros
570 1379 617 1417 ms
631 1359 768 1437 elegistis.

169 1440 331 1515 chrwrrtia.
375 1441 454 1498 Lous
467 1441 580 1500 devota.

169 1520 336 1579 ›S'ecrmdum
350 1521 526 1579 ,lsarrlonm
539 1522 594 1597 (ic.
613 1520 707 1597 9-13).

170 1602 209 1658 In
225 1601 276 1659 illo
296 1609 435 1678 tempore,
462 1603 538 1660 Cum
562 1603 701 1659 tumsiret
722 1601 811 1659 Jcsus
831 1602 909 1658 vidit
935 1599 1085 1658 hominem
1107 1600 1255 1659 sedentem
1272 1599 1299 1656 in

109 1681 219 1740 telonio
232 1703 321 1758 esqrec
334 1685 375 1741 od
388 1703 448 1741 non
463 1684 542 1741 enim
556 1684 625 1741 veui
639 1702 743 1741 vocare
752 1685 860 1760 justos,
875 1681 926 1740 sed
939 1688 1113 1759 peccatores.

171 1762 273 1822 Credo.

170 1843 360 1918 Offcrtcrirmr.
404 1846 442 1901 In
455 1863 572 1902 omnem
585 1851 703 1903 terrem.

168 1923 287 1984 Secreto.
445 1969 454 1982 .

169 2004 439 2082 Supplicrtionibus
466 2007 546 2063 boeti
575 2005 715 2063 lldsttlraei
739 2005 937 2082 evangeliste,
962 2024 1141 2080 quesumus,
1169 2004 1296 2069 Domine,

109 2085 246 2144 Ecclesise
268 2096 327 2144 tuae
355 2087 576 2145 commendetur
603 2086 723 2159 oblatio,
746 2088 828 2164 cujus
856 2086 1020 2163 magnificis
1047 2085 1296 2163 predicationibus

109 2167 250 2226 enrditur.
295 2168 360 2227 Per.

167 2246 317 2324 Proesotio.
361 2248 401 2306 Et
414 2254 445 2306 tc
459 2249 639 2325 suppliciter.

169 2328 350 2387 Uommueio.
394 2330 457 2406 Ego
471 2350 523 2387 vos
537 2330 619 2407 elegi.

170 2409 411 2468 postcommuio.

168 2489 326 2566 Perceptis‚
352 2491 489 2562 Domine,
514 2491 713 2560 sacrementis,
730 2490 816 2547 besto
838 2489 983 2547 Matthmo
1007 2490 1141 2566 apostolo
1165 2495 1196 2547 et
1219 2506 1292 2546 evcn-

106 2571 210 2645 gclistc
224 2572 450 2641 interveniente,
464 2573 660 2647 deprecamur,
676 2580 711 2627 ut
725 2592 790 2646 qum
808 2591 860 2647 pro
881 2572 944 2647 ejus
958 2571 1105 2628 celebrate
1119 2578 1190 2628 suut
1203 2569 1289 2645 gloria,

110 2653 191 2709 uobis
206 2653 360 2729 proficiant
374 2654 410 2709 ud
425 2653 575 2709 medelum.
620 2653 679 2709 Per
694 2653 863 2710 Dominum.

126 2874 310 2933 Smcrosuu
331 2875 485 2932 disemos
507 2891 719 2942 soerouenorn
742 2890 822 2944 nne,
846 2891 1023 2931 nmrrnun.
1068 2876 1108 2949 (x.
1127 2874 1195 2933 Kal.
1212 2873 1279 2941 Oct.)

170 3008 308 3083 Officium.
353 3009 452 3065 Intret
465 3010 496 3064 in
512 3016 675 3083 conspectu.

171 3091 279 3147 Oratio.

168 3170 257 3241 Deus,
269 3171 318 3245 qui
332 3190 361 3225 cs
374 3177 540 3226 sauctorum
555 3177 672 3225 tuorum
687 3169 825 3243 splendor
838 3169 988 3238 mirabilis,
1005 3168 1114 3244 quique
1133 3168 1210 3224 hunc
1222 3166 1285 3221 diem

112 3251 142 3306 in
162 3250 313 3306 beatorum
335 3258 497 3325 rnartyrum
519 3264 636 3306 tuorum
660 3250 806 3320 Maurieii,
831 3249 995 3324 Exsupcrii‚
1012 3249 1147 3310 Cmdidi,
1163 3247 1286 3309 Victoris,

110 3331 277 3386 innocentii
292 3338 321 3386 et
332 3332 450 3401 Vitalis,
466 3351 530 3387 cum
542 3332 626 3386 sociis
641 3352 742 3386 eorum
757 3332 897 3404 rmutyrio
911 3331 1083 3386 conseruisti
1097 3351 1105 3402 3
1120 3330 1156 3386 da
1168 3327 1286 3385 Ecclesize

109 3420 162 3468 tua
186 3411 222 3467 de
245 3412 379 3467 rrutnlitio
400 3419 491 3468 tnntre
515 3412 684 3468 festivitatis
705 3411 807 3471 laeteri,
823 3419 858 3467 ut
877 3412 954 3485 apud
979 3411 1204 3469 misericordium
1217 3417 1285 3464 tuum

111 3492 251 3567 exemplis
264 3512 364 3547 corum
378 3499 408 3548 et
422 3493 533 3548 meritis
547 3494 727 3566 mljuvemur.
772 3492 830 3547 Per
845 3491 1014 3549 Dominum.

171 3572 310 3647 Epistola..
355 3574 455 3629 Sancti
469 3593 520 3647 per
534 3574 628 3629 fidem.

172 3653 303 3710 Grcdcle.
347 3653 483 3725 Vindice,
501 3654 634 3710 Domine.

169 3734 315 3809 Alleluye,
365 3735 392 3790 l'.
415 3735 435 3791 J
439 3735 497 3791 usti
511 3734 672 3809 epulentur.

169 3814 332 3889 eloquentia,
347 3816 380 3872 <lc
396 3813 556 3874 Communi.

170 3896 367 3969 Jt'vcnpclicm.
412 3895 487 3952 Cum
501 3895 652 3951 audieritis
666 3892 773 3970 praelia.

172 3976 360 4050 Qffertorium.
405 3976 551 4032 Mirabilis
565 3976 653 4033 Deus.

170 4059 289 4116 Secreto.

170 4138 301 4213 Respice,
327 4137 462 4207 Domine,
488 4156 615 4207 munera,
645 4156 709 4210 ques
734 4135 765 4192 in
788 4136 920 4210 passione
944 4141 1110 4192 sanctorum
1134 4141 1284 4210 martyrum

112 4227 228 4277 tuorum
253 4218 400 4289 Mauricii,
430 4217 595 4292 Exsuperii,
625 4217 758 4286 Candidi,
783 4217 924 4279 Victoris,
953 4218 1120 4274 innocentii
1140 4223 1169 4273 et
1189 4214 1285 4272 Vitulis

110 4302 310 4374 sociorumque
330 4319 430 4356 eorum
451 4298 722 4354 commemoratione
743 4298 899 4354 eloim-imus
910 4318 917 4369 ;
941 4306 971 4353 et
988 4305 1103 4372 prusis,
1122 4306 1155 4353 ut
1173 4312 1283 4372 quorum

109 4383 217 4439 honore
245 4387 314 4437 sunt
340 4386 432 4457 grets,
462 4398 561 4436 eorum
588 4379 672 4434 nobis
700 4378 774 4435 fiant
802 4379 1009 4436 intercessione
1036 4385 1184 4457 perpetuo.
1238 4376 1285 4433 Per

112 4461 281 4520 Dominum.
