2804 4920
153 319 196 391 78
523 318 628 385 Hebd.
645 341 675 385 c.
697 318 977 406 Quadrupeeifmoe.

150 486 372 545 confundentur
382 506 473 562 usque
491 486 532 544 od
552 492 583 545 et
602 485 715 564 duplici
727 486 907 547 contritione
919 492 1038 547 contere
1057 506 1116 561 eos,
1131 486 1265 547 Domine
1277 486 1360 547 Deus

153 575 349 708 utut

212 729 337 787 Pccifiee
350 728 548 806 loquebantur
557 728 633 787 mihi
646 729 760 787 inimici
774 729 850 788 mei:
871 735 903 788 et
916 729 948 787 in
961 730 1007 789 irs
1020 729 1138 789 molesti
1151 736 1242 790 erent
1254 729 1337 789 mibi.

157 810 187 869 V.
214 810 337 883 Vidisti,
354 809 483 868 Domine
497 811 579 868 Deus
593 830 683 883 meus,
699 830 737 868 ne
750 809 854 869 sileas:
874 830 912 869 ne
925 811 1057 871 discedm
1069 831 1089 869 c
1101 831 1157 871 me.

211 892 348 1045 §iobiiiib
364 992 423 1030 non
437 972 604 1031 secundum.

211 1054 381 1112 Secundum
393 1053 560 1112 Johuuuem
573 1053 629 1130 (ui.
648 1051 763 1130 47-54).

211 1134 252 1192 In
276 1133 328 1191 illo
349 1141 490 1211 tempore,
510 1134 699 1212 collegerunt
723 1134 876 1210 pontifices
903 1140 934 1194 et
959 1134 1105 1193 ‘Pherissei
1130 1134 1291 1194 concilium
1311 1135 1359 1194 sd·

151 1234 253 1274 versus
273 1215 432 1286 desumet
453 1216 607 1287 dicebant3
637 1215 717 1284 Quid
738 1216 869 1286 iacimus,
888 1216 958 1291 quie
978 1216 1027 1273 hic
1047 1216 1136 1273 homo
1156 1216 1255 1274 mults
1275 1216 1360 1295 signe

151 1297 242 1355 inciti
261 1316 352 1371 usquc
371 1297 413 1353 ad
432 1295 465 1353 in
486 1296 637 1354 civitatem
652 1316 717 1372 quae
731 1295 841 1355 dicitur
852 1297 990 1374 Ephrem,
1002 1302 1034 1355 et
1047 1297 1090 1354 ibi
1103 1296 1281 1356 morabatur
1290 1316 1358 1356 cum

154 1377 307 1455 discipulis
319 1377 387 1434 suis.

214 1458 408 1532 offertorium.

211 1540 393 1597 Benedictus
404 1558 444 1610 es,
459 1537 608 1597 Domine:
629 1538 701 1597 doce
718 1558 766 1597 me
782 1538 1010 1614 justificationes
1023 1545 1109 1597 tuus:
1129 1544 1161 1597 et
1179 1558 1242 1597 non
1257 1539 1359 1599 trades

150 1620 401 1723 calumniantibus
415 1638 462 1677 me
476 1620 617 1695 superbis,
631 1627 663 1677 et
676 1620 857 1696 respondebo
871 1620 1120 1698 exprobrantibus
1133 1620 1209 1678 mihi
1221 1622 1358 1681 verbum.

212 1700 331 1839 &biiii
338 1781 430 1847 uobis.
442 1781 606 1840 misericors
620 1781 720 1853 Deus;
736 1786 771 1839 ut
784 1781 872 1858 digno
886 1782 947 1839 tuis
960 1782 1070 1840 servire
1083 1800 1199 1859 semper
1211 1782 1361 1841 alteribus

150 1882 324 1934 mereamur,
340 1869 371 1956 et
384 1882 487 1921 eorum
500 1872 643 1940 perpetua
657 1863 882 1940 participatione
895 1863 1010 1923 sulvsri
1054 1863 1113 1921 Per
1127 1862 1305 1923 Dominum.

212 1943 444 2083 iibmiiddideris
471 2043 526 2094 me,
550 2024 687 2095 Domine,
716 2024 749 2081 in
776 2025 889 2082 animas
915 2025 1154 2101 persequentium
1166 2042 1169 2047 ·
1182 2044 1231 2085 me
1246 2046 1255 2085 τ
1290 2026 1363 2104 quis

151 2107 377 2165 insurrexerunt
391 2106 423 2162 in
437 2125 485 2162 me
497 2112 587 2162 testes
600 2105 705 2181 iniqui,
721 2112 752 2162 et
766 2107 893 2164 mentite
902 2113 948 2164 est
960 2107 1103 2184 iniquitas
1116 2106 1181 2164 sibi.

211 2204 451 2263 Poetcomsumtio.

213 2285 332 2361 Sumpti
345 2284 487 2355 sacrificii,
504 2284 641 2354 Domine,
658 2291 801 2360 perpetue
822 2305 875 2342 nos
895 2285 987 2343 tuitio
1006 2305 1067 2344 non
1091 2285 1304 2362 derelinquet:
1331 2292 1364 2347 et

151 2366 243 2424 noxia
255 2385 369 2442 semper
382 2386 400 2422 o
413 2365 498 2422 nobis
511 2372 617 2423 cuncte
629 2365 759 2441 repellet
803 2366 862 2424 Per
876 2367 1046 2425 Dominum.

213 2445 308 2522 Super
328 2446 484 2522 Populum.

214 2527 347 2586 Concede
369 2527 462 2599 nobis,
478 2546 654 2603 quaesumus,
670 2527 798 2585 Domino
811 2528 929 2586 venium
951 2534 1145 2604 peccatorum,
1161 2534 1193 2586 et
1205 2528 1363 2608 religionis

127 2658 130 2663 .
151 2617 353 2686 augmentum,
372 2616 461 2684 atquo
478 2620 513 2666 ut
530 2610 561 2665 in
580 2610 664 2665 nobis
684 2619 737 2666 tuo
758 2609 836 2667 dona
856 2610 1044 2686 multiplices
1058 2611 1119 2667 tuis
1141 2610 1188 2668 isc
1208 2611 1363 2669 mundetis

151 2691 353 2771 promptiores.
406 2690 466 2748 Per
486 2690 657 2749 Dominum.

679 2870 826 2927 Sensuro.

214 2977 355 3053 Officium.

210 3061 367 3117 Liberutor
375 3076 457 3113 meus
466 3056 502 3113 de
511 3056 648 3132 gentibus
656 3055 812 3125 iracundis,
824 3055 861 3112 ab
870 3055 1091 3132 insurgentibus
1103 3054 1136 3111 in
1150 3074 1198 3113 me
1209 3056 1364 3117 exaltabis

150 3162 216 3198 me:
237 3160 256 3196 o
271 3140 332 3195 viro
346 3139 448 3213 iniquo
463 3138 568 3211 eripies
582 3156 636 3205 mo,
653 3136 788 3191 Domino.

148 3223 198 3279 Pr.
210 3220 341 3294 Diligam
354 3226 394 3288 te,
410 3216 548 3286 Domine,
570 3216 710 3271 liberutor
725 3235 824 3273 meus:
845 3217 992 3275 Dominus
1012 3219 1234 3275 firmamentum
1248 3238 1362 3294 meum,

150 3314 181 3361 et
194 3300 343 3376 refugium
357 3317 475 3354 mcum:
500 3304 530 3353 et
544 3298 685 3353 liberator
698 3315 787 3352 meus.

212 3380 320 3440 Oratio.

210 3461 359 3534 Proficiut,
387 3478 562 3537 quaesumuS,
592 3456 728 3523 Domine,
756 3456 838 3534 plebs
876 3457 933 3514 tibi
966 3459 1063 3516 (licata
1096 3458 1152 3534 piae
1188 3460 1360 3521 devotionis

149 3546 277 3614 offectu;
305 3550 341 3598 ut
361 3542 450 3598 sacris
470 3539 634 3597 actionibus
648 3538 772 3609 eruditu,
789 3548 901 3615 quanto
924 3541 1071 3616 majestati
1093 3548 1154 3598 tuse
1175 3541 1212 3598 fit
1233 3545 1358 3620 gratior,

149 3634 235 3684 tanto
248 3623 332 3681 donis
347 3620 511 3698 potioribus
525 3628 674 3695 augeatur.
717 3619 776 3676 Per
791 3620 960 3678 Dominum

209 3705 305 3763 Lectio
327 3702 481 3759 Hieromus
502 3701 650 3776 l'rrprlreluc
670 3700 767 3777 (cmiii.
794 3702 907 3778 18-23).

209 3786 248 3843 In
262 3784 366 3842 diebus
379 3783 446 3851 illis,
462 3784 614 3840 Dixerunt
628 3783 713 3858 impii
725 3782 748 3840 J
750 3782 826 3838 udoei
840 3782 877 3839 ud
891 3782 1037 3855 invicem;
1057 3783 1179 3857 Venite,
1192 3787 1356 3863 cogitemus

148 3874 252 3926 contra
264 3867 380 3941 justum
395 3864 584 3938 cogitationes
598 3885 688 3937 resque
701 3864 742 3919 ud
757 3865 830 3919 liant
842 3871 1011 3920 corruentes
1025 3865 1056 3920 in
1071 3873 1230 3942 conspectu
1245 3875 1307 3941 tuo,
1322 3869 1354 3925 in

148 3958 281 4025 tempore
295 3944 402 4002 furoris
415 3945 471 4016 tui,
488 3944 614 4000 Domino
632 3945 711 4001 Deus
725 3962 815 4000 meus.

212 4025 346 4087 Grodalc.

209 4109 334 4167 Pacifico
347 4105 552 4183 loquebantur,
566 4113 600 4160 ut
613 4104 682 4162 lteri.

208 4205 375 4268 Semurium
395 4202 561 4259 Jolrcrmem
583 4203 637 4275 (oi.
663 4202 785 4277 54-71).

209 4290 248 4347 In
272 4287 323 4345 illo
351 4294 490 4359 tempore,
516 4283 605 4340 Dixit
625 4282 714 4340 Jesus
736 4282 886 4359 discipulis
908 4284 966 4341 suis
989 4292 1020 4342 et
1041 4285 1137 4344 turbis
1158 4286 1349 4359 Judaeorum3

148 4373 256 4441 Amen,
281 4372 389 4437 Amen,
410 4365 475 4421 dico
496 4364 598 4421 vobis:
628 4364 696 4421 Nisi
720 4363 967 4422 manducaveritis
989 4386 1107 4425 curnem
1129 4389 1221 4446 uoq-ue
1244 4371 1285 4431 cd
1303 4369 1349 4427 bic

148 4452 228 4509 enim
242 4455 306 4507 erat
319 4447 484 4505 traditurus
498 4465 574 4517 eum,
589 4465 656 4503 cum
670 4452 746 4503 esset
759 4463 836 4502 unus
850 4464 888 4503 ex
905 4446 1067 4506 duodecim.
