2804 4920
106 386 170 449 440
431 379 978 469 seussionensis.

165 629 248 689 Deus
268 627 433 703 Abrabam,
456 629 539 689 Deus
558 628 651 703 Isaac,
669 633 701 689 et
724 629 807 689 Deus
826 629 929 702 Jacob,
951 626 993 688 sit
1012 627 1165 689 vobiscum
1183 634 1213 688 et
1230 628 1278 706 ipse

106 727 159 768 vos
171 711 340 790 conjunget,
353 710 533 790 impleatque
546 710 780 770 benedictionem
792 730 876 769 suam
888 710 922 768 in
933 709 1025 769 vobis
1068 709 1131 781 Qui
1143 709 1222 769 vivit

166 806 239 866 Alio
252 805 363 868 Orotb.
1158 807 1161 813 “

166 887 330 948 Benedicat
347 907 402 948 vos
421 889 503 947 Dens
527 888 624 948 Pater.
676 887 832 947 (iustodiat
849 906 903 946 vos
925 886 1015 946 Jesus
1036 886 1179 948 Obristna
1221 885 1277 945 Illa

107 967 201 1026 minet
219 987 272 1028 ros
295 969 424 1046 Spiritus
447 969 579 1029 sanctos.
628 969 832 1046 Ostendatque
858 968 1005 1027 Dominus
1030 968 1137 1027 faciem
1158 967 1274 1027 suanir

106 1048 199 1120 vobis,
209 1053 241 1107 ct
253 1049 426 1110 misereatur
437 1051 538 1110 vestri
580 1050 742 1110 convertat
754 1049 874 1108 vultum
886 1068 973 1107 sunm
985 1048 1024 1108 ad
1033 1067 1095 1122 vos,
1106 1055 1138 1108 et
1150 1048 1200 1107 det
1210 1046 1275 1106 robis

107 1147 215 1204 paoem.
269 1130 399 1209 Impleat
425 1150 478 1190 vos
511 1131 592 1189 omni
623 1130 826 1189 benedictione
859 1129 1009 1206 spirituali
1040 1128 1075 1188 in
1098 1128 1273 1188 menen

106 1209 239 1268 omnium
255 1218 440 1289 peccatorum
452 1219 627 1282 vestrorum,
640 1218 677 1269 ut
692 1211 827 1270 habeatis
838 1209 933 1268 vitam
945 1215 1088 1269 aternam
1099 1216 1132 1269 et
1144 1207 1273 1269 rivatisin

106 1290 212 1349 soecula
224 1293 406 1352 ssecnlorum.
446 1293 554 1352 Amen

166 1385 227 1446 Hic
246 1389 355 1448 intrent
370 1389 514 1449 ecclesiam
529 1387 631 1471 [mm
651 1389 691 1447 ad
704 1389 833 1465 predum
846 1385 1083 1470 Asos-MS]
1123 1385 1272 1448 &eene

106 1467 202 1527 clerici
217 1468 318 1530 dicam
337 1469 416 1529 benc
431 1470 594 1542 Pastinum,
613 1469 701 1529 Beati
720 1488 829 1543 omnes,
848 1470 910 1530 sinc
928 1478 1008 1540 uoto,
1026 1478 1053 1528 st
1072 1467 1187 1529 dicam
1203 1483 1270 1542 surse

106 1549 246 1624 infime.

168 1641 252 1702 Tunc
262 1645 454 1719 qcnujiectont
466 1643 514 1701 cir
530 1651 556 1702 et
568 1641 675 1702 multer
683 1663 781 1701 coram
797 1641 889 1701 altaci
895 1665 909 1713 ,·
928 1651 955 1702 et
967 1641 1109 1702 Sacerdos
1121 1650 1197 1702 asom
1206 1654 1268 1716 cept

104 1721 234 1796 yradccm
246 1723 358 1783 Altaria
370 1743 449 1785 verso
461 1724 546 1781 melae
559 1724 600 1782 ad
612 1743 658 1783 eos
666 1724 767 1784 dicat:

167 1813 327 1874 Benedicat
346 1836 399 1876 vos
417 1816 564 1876 Dominus
583 1836 621 1875 ex
645 1812 726 1889 Sion,
746 1821 781 1874 ut
804 1816 905 1875 videas
921 1816 998 1875 lilios
1021 1816 1150 1877 filiorum
1166 1821 1265 1878 tuoun

108 1913 208 1970 pacem
220 1916 308 1975 super
321 1896 422 1956 Israel

167 1987 270 2048 Gloria
282 1989 376 2048 Pstri
416 1989 513 2066 Kyn'e
526 1988 653 2066 eleyson.
694 1988 811 2048 Christe
825 1988 952 2066 eleyson
993 1989 1091 2068 Kyrie
1103 1988 1193 2068 eleysc

166 2069 257 2129 Pater
268 2075 377 2130 noster.
419 2070 461 2128 Et
473 2089 512 2129 ne
524 2089 586 2129 noa
628 2069 686 2129 Sed
699 2069 798 2129 libera

167 2149 289 2209 Salvum
301 2151 347 2210 fac
360 2169 478 2210 serrum
492 2157 578 2209 tuum
592 2156 624 2210 et
636 2150 774 2210 ancillsm
787 2156 885 2210 tuam:

207 2230 289 2289 Deus
301 2249 392 2303 meus,
406 2237 556 2308 sperantes
568 2231 599 2289 in
614 2236 653 2290 te.

167 2310 259 2369 Mitte
272 2311 314 2370 eis
326 2311 472 2373 auxilinm
485 2311 522 2370 de
535 2317 656 2370 sancto:

206 2390 247 2448 Et
260 2391 297 2450 de
310 2390 382 2450 Sion
395 2398 479 2451 tuere
492 2411 549 2451 eos.

166 2470 239 2529 Fsto
251 2471 303 2546 eis,
317 2470 454 2546 Domine,
468 2472 560 2532 turris
572 2471 757 2532 fortitudinis
769 2494 776 2532 :

205 2551 237 2611 A
249 2551 323 2610 fscie
337 2553 457 2614 inimici.

166 2633 294 2691 Domine
308 2634 422 2692 exaudi.
465 2634 505 2691 Et
519 2634 634 2691 clamor.
733 2701 734 2704 Ἴ

166 2713 313 2772 Dominus
327 2716 485 2773 vobiscum.

167 2807 219 2889 [Et
231 2815 421 2887 yesuflcclcst
435 2833 532 2871 coram
546 2809 776 2891 Altam-MS]

166 2908 299 2966 Oremus
342 2910 451 2968 Oratio.

167 2988 249 3048 Deus
273 2990 435 3063 Abraham,
457 2990 540 3048 Deus
564 2989 658 3059 Isaac,
680 2988 762 3047 Deus
786 2989 890 3060 Jacob,
917 2986 1082 3069 beneexadic
1105 2985 1262 3072 adolescent⁸

106 3070 186 3141 istos,
214 3076 245 3126 et
266 3071 377 3129 semine
400 3091 499 3129 semen
523 3071 593 3128 vitre
611 3079 727 3128 aeternae
745 3072 778 3127 in
795 3069 944 3127 ruentibus
962 3090 1083 3142 eorum3
1107 3077 1140 3126 ut
1158 3057 1262 3144 quiequd

107 3170 161 3225 pro
174 3150 305 3209 utilitate
325 3172 379 3209 sua
401 3152 566 3223 didicerint,
581 3151 635 3209 hoc
652 3152 746 3209 facere
764 3151 893 3227 cupient.
935 3150 994 3208 Per
1012 3150 1117 3209 Jesum
1138 3148 1263 3209 Christum,

108 3230 218 3287 Filium
232 3237 326 3304 tuum,
341 3240 573 3309 recuperatorem
588 3233 727 3289 omnium.
771 3232 830 3300 Qui
844 3239 950 3290 tecum.

170 3326 301 3386 Oremus.
345 3331 454 3388 Oratio.

170 3408 302 3484 Respice,
327 3408 462 3483 Domine,
488 3411 634 3486 propitius
659 3429 748 3486 super
773 3408 852 3466 hunc
875 3409 1020 3466 famulum
1043 3417 1130 3467 tuum
1155 3415 1184 3466 et
1206 3417 1266 3479 supet

110 3490 184 3547 lianc
198 3489 338 3546 famulum
352 3496 442 3562 tuam,
457 3497 492 3547 ut
507 3492 538 3546 in
552 3491 672 3548 nomine
681 3497 733 3547 tuo
747 3490 978 3547 benedictionem
990 3490 1134 3549 caelestem
1147 3486 1267 3562 accipiunt

111 3582 139 3628 st
172 3570 248 3629 filios
274 3570 401 3627 filiorum
428 3591 547 3628 suorum
581 3591 673 3646 usque
700 3572 732 3627 in
760 3571 882 3628 tertiam
913 3578 943 3628 et
969 3577 1106 3646 quartam
1132 3564 1269 3647 progeniem

110 3653 269 3712 incolumes
285 3651 407 3708 videant
419 3672 428 3723 5
448 3657 478 3709 ct
495 3651 527 3708 in
545 3652 688 3709 fidelitate
705 3670 818 3727 semper
836 3659 1034 3728 perseverent,
1051 3658 1083 3710 et
1099 3652 1131 3708 in
1144 3640 1269 3708 futurosl

110 3734 234 3793 scelestis
246 3751 336 3811 regna
348 3732 530 3810 perveniant.
574 3733 638 3791 Per.

170 3830 241 3888 Alte
257 3829 364 3889 Oratio.

88 3902 91 3906 ⁴
171 3911 364 3988 Onnripotens
382 3911 558 3988 sempiterne
576 3908 666 3980 DeuS,
684 3909 736 3987 qui
751 3909 860 3987 primos
878 3915 1014 3986 parentes
1030 3915 1146 3968 nostros
1158 3908 1243 3967 Adam
1252 3905 1272 3958 tl

113 3995 206 4052 Evam
226 4012 278 4051 sua
291 3993 404 4050 virtute
421 3993 531 4050 creavit
548 3998 578 4048 et
598 3991 631 4047 in
644 4011 697 4048 sue
713 3991 943 4049 sanctificatione
963 3990 1122 4067 copulavit,
1137 3990 1196 4068 ime
1210 3981 1273 4045 cor&

112 4083 143 4133 et
160 4093 279 4150 corpore
301 4079 400 4132 vestra
422 4073 584 4131 sanctificet
603 4077 634 4129 et
653 4071 815 4144 benedicat,
835 4077 925 4148 atque
942 4072 975 4129 in
994 4072 1134 4131 socictate
1153 4079 1183 4131 et
1200 4079 1275 4128 nnort

113 4176 188 4214 verae
201 4154 364 4213 dilectionis
377 4154 542 4231 conjungat.
586 4152 651 4210 Per.
744 4180 747 4186 ·

172 4253 455 4411 iiiisiiiibimine,
476 4331 512 4390 de
526 4329 595 4390 caelo
615 4337 715 4388 sancto
738 4337 791 4390 tuo
815 4350 902 4409 super
923 4330 999 4391 hanc
1018 4328 1276 4401 conventionemul

114 4419 189 4476 sicut
209 4414 314 4472 misisti
339 4418 474 4472 sanctum
498 4412 633 4488 angelum
656 4418 742 4469 tuum
765 4412 945 4489 Raphaelem
972 4412 1126 4489 pacificum
1153 4411 1278 4472 Tobiae

115 4499 195 4557 Sarae
212 4495 281 4554 filie
297 4494 444 4575 nguclis,
461 4493 505 4552 ita
522 4493 660 4571 digneris,
675 4490 811 4567 Domine,
825 4493 944 4553 mittere
964 4493 1199 4555 benedictionem
1215 4497 1279 4551 um
