2804 4920
157 357 222 420 318
347 381 352 391 ·
595 349 692 415 Festa
713 348 923 435 Septembris.

220 520 292 577 Alcis
305 518 546 578 Postcontuzauio.

222 602 343 671 Praesta,
355 619 530 676 quaesumus,
543 598 680 667 Domine,
692 605 727 655 ut
741 597 916 657 sacramenti
932 597 979 655 tui
991 597 1224 676 participatione
1237 598 1369 675 vegetati

161 683 258 740 sancti
272 701 388 758 quoqne
402 682 543 756 martyris
557 679 652 737 Prisci
665 680 801 755 precibus
813 679 997 754 adjuvemur.
1041 678 1107 737 Per.

420 866 534 923 Smcn
555 865 697 937 Basrrsr,
719 881 855 923 sanaris.
898 863 992 939 (Non.
1009 863 1103 943 Sept)

226 973 365 1050 Officium.
408 972 450 1030 Os
460 972 538 1049 justi
551 972 751 1029 meditabitur.

226 1055 334 1113 Oratio.

226 1136 420 1212 Omnipotens
434 1135 610 1211 sempitenre
631 1133 722 1205 Deus,
738 1134 791 1210 qui
812 1135 989 1192 mirabiliter
1008 1135 1103 1212 fulges
1123 1134 1155 1191 in
1176 1133 1281 1193 electis
1302 1135 1371 1205 tuis,

166 1238 240 1295 quos
260 1224 291 1274 te
311 1216 478 1274 habitatore
502 1215 665 1291 glorificare
686 1215 825 1288 voluisti,
850 1215 888 1273 da
909 1217 995 1274 nobis
1017 1216 1098 1274 beati
1118 1215 1240 1273 Bertini
1260 1218 1371 1275 cordes-

167 1300 241 1357 soris
259 1298 304 1355 tui
322 1304 412 1373 atque
430 1296 546 1353 abbatis
560 1297 603 1353 ita
616 1295 704 1373 digne
720 1296 874 1354 sollemnia
887 1296 1030 1369 venerari,
1044 1303 1081 1354 ut
1099 1297 1164 1374 ejus
1183 1297 1372 1376 suffraganti·

167 1381 222 1438 bus
236 1379 350 1436 meritis
364 1377 508 1452 templum
522 1384 606 1434 tuum
621 1397 787 1434 mereamur
800 1378 870 1435 lieri.
914 1377 979 1436 Per.

227 1459 341 1535 Epistol
357 1498 367 1516 ·.
410 1459 430 1516 J
433 1464 518 1514 ustus
532 1477 582 1515 cor
594 1478 688 1515 suum.

229 1540 362 1599 Gradetc.
406 1538 543 1611 Domine,
558 1539 736 1615 pravenisti.

227 1621 375 1697 Alleluya
425 1619 455 1680 V.
479 1619 569 1677 Posui
582 1620 771 1696 adjutorium.

228 1701 430 1777 Evanyetium.
473 1700 570 1758 Nemo
584 1701 718 1759 accendit
730 1701 888 1759 lucernam.

230 1782 422 1857 offertorium.
466 1781 574 1840 Inveni
588 1782 694 1840 David.

228 1867 349 1922 Secreta.

230 1946 334 2004 Gratia
347 1951 408 2016 tua,
425 1943 562 2015 Domine,
579 1963 644 2020 quae
657 1945 777 2002 beatum
792 1944 949 2002 Bertinum
963 1944 1091 2002 hostiam
1113 1951 1246 2003 sanctam
1262 1946 1360 2003 viram-

168 2046 227 2104 que
247 2027 303 2083 tibi
324 2025 394 2084 feeit
415 2044 476 2082 esse
497 2025 678 2101 placabilem,
691 2026 754 2100 ejus
774 2025 887 2082 meritis
907 2025 969 2083 luec
989 2027 1154 2085 sanctificet
1173 2026 1321 2100 libamina,
1335 2036 1359 2085 et

170 2109 240 2165 vitae
254 2114 361 2163 nostrae
376 2107 656 2164 consummationem
672 2114 793 2183 peragat
807 2106 1100 2184 irreprehensibilem.
1144 2107 1211 2167 Per.

232 2187 413 2246 tl'onuurtuio.
456 2187 567 2244 Fidelis
581 2206 690 2246 servus

231 2269 471 2326 Postcommunio.

233 2349 318 2419 Quod
339 2350 374 2407 de
395 2369 496 2407 mensa
515 2354 577 2420 tua,
597 2348 733 2422 Domine,
751 2349 937 2426 sumpsimus,
952 2349 1039 2407 beato
1060 2349 1185 2407 Bertino
1205 2356 1309 2420 emate,
1321 2347 1347 2404 ad

170 2437 313 2488 aeternam
332 2450 385 2488 nos
398 2431 513 2488 nutriat
530 2430 674 2501 laetitiam,
689 2438 720 2488 et
733 2438 817 2487 tuam
838 2430 948 2507 ubique
969 2430 1059 2488 faciat
1078 2431 1215 2490 invenire
1234 2430 1344 2507 gratian.

172 2512 232 2569 Per
245 2511 414 2569 Dominum.

253 2684 290 2739 In
312 2700 364 2739 ors
386 2682 589 2738 Nuruurarrs
611 2698 717 2738 snare
737 2682 854 2739 Marna
875 2682 1030 2740 Vmonus.
1076 2683 1125 2759 (ri.
1143 2683 1188 2741 Id.
1205 2684 1291 2759 Sept.)

234 2792 372 2864 (illirium.

234 2873 419 2930 Gaudeamus
440 2890 541 2927 omnes
556 2871 587 2926 in
607 2870 745 2941 Domino,
765 2870 842 2926 aliern
865 2871 971 2926 festum
990 2871 1171 2927 celebrantes
1190 2872 1242 2927 sub
1259 2870 1342 2925 lunen

174 2956 277 3012 llarize
291 2953 423 3030 uirginis,
434 2952 469 3008 de
484 2953 567 3027 cujus
585 2952 744 3008 nativitate
761 2952 892 3028 gaudent
909 2951 1006 3027 angeli
1026 2959 1056 3008 et
1074 2952 1242 3009 collaudant
1259 2949 1341 3007 Filiun

174 3038 239 3094 Dei.

236 3115 377 3172 l'sutants.

234 3197 332 3253 'llsulie
346 3202 434 3251 natus
448 3201 492 3250 est
506 3195 592 3250 laento
605 3195 688 3271 virge
703 3194 817 3250 lllurin:
838 3215 875 3251 ex
890 3193 1029 3271 progenie
1044 3195 1151 3253 David.

235 3279 339 3351 Kyric,
356 3278 421 3331 Rex
436 3276 592 3350 virginum.

237 3357 345 3413 (butio.

235 3437 484 3513 Supplicatienem
499 3457 650 3493 servorum
664 3443 792 3506 tuorum,
809 3438 897 3509 Deus,
914 3439 1069 3495 miserator
1087 3438 1203 3509 ermuli,
1219 3443 1251 3494 ut
1269 3432 1309 3510 qul
1320 3429 1341 3483 5¹1

175 3520 342 3575 Nativitate
365 3517 421 3572 Dei
443 3518 597 3591 genetricis
611 3526 641 3574 et
663 3518 782 3593 virginis
801 3538 1018 3594 congregamur,
1035 3520 1097 3594 ejus
1117 3513 1342 3576 intercessionibus

173 3622 191 3656 u
206 3610 234 3657 tc
248 3601 284 3656 ‹le
299 3598 477 3654 instantibus
491 3599 626 3673 periculis
639 3619 784 3655 eruamur.
828 3600 886 3655 Per
899 3600 1033 3656 eundern.

235 3679 373 3755 hlaistole.
416 3678 512 3735 Lectio
533 3679 602 3736 lteri
622 3679 780 3754 Sapientiae
793 3680 1005 3755 (Ecchsiustici
1017 3681 1092 3737 ann'r.
1117 3681 1235 3755 23-31).

236 3763 298 3837 Ego
313 3759 397 3836 quasi
410 3759 481 3815 vitis
495 3780 583 3833 stoque
597 3762 638 3817 ud
658 3762 751 3817 vitam
765 3769 905 3818 aternam
919 3761 1077 3819 habebunt.

238 3842 370 3899 (tradate.
414 3841 499 3897 Aridi
519 3842 587 3898 filiu.

238 3925 384 3998 Alleluya.
436 3922 462 3980 Γ.
487 3921 639 3978 Nativitas
653 3923 784 3999 gloriosse
799 3923 935 4000 Virginis
949 3924 1052 3980 Mariae
1068 3944 1105 3981 ex
1121 3924 1229 3982 semine
1242 3916 1343 3979 Abralae

177 4016 241 4064 ortu
255 4007 290 4063 de
305 4005 385 4061 tribu
400 4002 421 4060 J
424 4002 481 4060 uda
495 4004 572 4060 olera
587 4024 623 4060 ex
638 4004 728 4079 stirpe
744 4004 849 4061 David.

237 4086 398 4161 Sequentia.
428 4158 431 4162 „

177 4170 246 4226 Alle
260 4169 372 4225 caeleste
387 4185 500 4222 necnon
514 4172 544 4222 et
558 4185 685 4241 perenne
699 4165 768 4241 luya

177 4252 241 4320 Dic,
257 4249 474 4325 paraphonista,
490 4267 555 4303 cunr
571 4266 651 4303 mera
665 4247 848 4323 symphonia,

177 4332 260 4388 Tube
274 4339 303 4387 et
318 4349 424 4386 canora
437 4327 586 4404 palinodia
601 4334 694 4384 canta.

177 4412 256 4468 Nam
271 4410 365 4466 omnis
379 4409 443 4466 usin
457 4409 532 4466 hane
547 4408 659 4465 Christi
673 4410 850 4484 genetricem
865 4409 913 4467 die
927 4411 984 4467 ista

177 4492 349 4569 Congaudet
363 4496 503 4562 exortam,
520 4509 572 4565 per
585 4509 672 4565 quam
689 4491 745 4547 sibi
759 4491 904 4549 sublatam
920 4492 999 4569 capit
1013 4492 1113 4550 vitam.
