<?xml version="1.0" encoding="UTF-8"?>
<!DOCTYPE html PUBLIC "-//W3C//DTD XHTML 1.0 Transitional//EN"
    "http://www.w3.org/TR/xhtml1/DTD/xhtml1-transitional.dtd">
<html xmlns="http://www.w3.org/1999/xhtml" xml:lang="en" lang="en">
 <head>
  <title>
</title>
<meta http-equiv="Content-Type" content="text/html;charset=utf-8" />
  <meta name='ocr-system' content='tesseract 3.04.00' />
  <meta name='ocr-capabilities' content='ocr_page ocr_carea ocr_par ocr_line ocrx_word'/>
</head>
<body>
  <div class='ocr_page' id='page_1' title='image "./missaleadusumpe00churgoog_0194.png"; bbox 0 0 2804 4920; ppageno 0'>
   <div class='ocr_carea' id='block_1_1' title="bbox 60 465 415 610">
    <p class='ocr_par' dir='ltr' id='par_1_1' title="bbox 60 465 415 610">
     <span class='ocr_line' id='line_1_1' title="bbox 60 465 415 526; baseline 0.003 -3"><span class='ocrx_word' id='word_1_1' title='bbox 60 465 105 523; x_wconf 76' lang='lat' dir='ltr'>Io</span> <span class='ocrx_word' id='word_1_2' title='bbox 112 466 279 526; x_wconf 70' lang='lat' dir='ltr'>Dominicis</span> <span class='ocrx_word' id='word_1_3' title='bbox 286 466 415 526; x_wconf 76' lang='lat' dir='ltr'>etFeetie</span> 
     </span>
     <span class='ocr_line' id='line_1_2' title="bbox 89 549 381 610; baseline 0.007 -3"><span class='ocrx_word' id='word_1_4' title='bbox 89 568 192 607; x_wconf 77' lang='lat' dir='ltr'>nocem</span> <span class='ocrx_word' id='word_1_5' title='bbox 204 549 381 610; x_wconf 79' lang='lat' dir='ltr'>Lectionum.</span> 
     </span>
    </p>
   </div>
   <div class='ocr_carea' id='block_1_2' title="bbox 497 667 1225 726">
    <p class='ocr_par' dir='ltr' id='par_1_2' title="bbox 497 667 1225 726">
     <span class='ocr_line' id='line_1_3' title="bbox 497 667 1225 726; baseline -0.003 -1"><span class='ocrx_word' id='word_1_6' title='bbox 497 668 741 726; x_wconf 88' lang='lat' dir='ltr'>Be-nc-di·</span> <span class='ocrx_word' id='word_1_7' title='bbox 770 686 905 725; x_wconf 82' lang='lat' dir='ltr'>ca-mue</span> <span class='ocrx_word' id='word_1_8' title='bbox 959 667 1008 724; x_wconf 94' lang='lat' dir='ltr'>Do</span> <span class='ocrx_word' id='word_1_9' title='bbox 1042 701 1053 710; x_wconf 94' lang='lat'><em>-</em></span> <span class='ocrx_word' id='word_1_10' title='bbox 1092 667 1225 724; x_wconf 91' lang='lat' dir='ltr'>mi-no.</span> 
     </span>
    </p>
   </div>
   <div class='ocr_carea' id='block_1_3' title="bbox 59 813 961 944">
    <p class='ocr_par' dir='ltr' id='par_1_3' title="bbox 59 813 961 944">
     <span class='ocr_line' id='line_1_4' title="bbox 59 813 961 944; baseline 0.004 -48"><span class='ocrx_word' id='word_1_11' title='bbox 59 840 123 898; x_wconf 89' lang='lat' dir='ltr'>Pro</span> <span class='ocrx_word' id='word_1_12' title='bbox 137 839 292 916; x_wconf 67' lang='lat' dir='ltr'>defunctio.</span> <span class='ocrx_word' id='word_1_13' title='bbox 314 813 961 944; x_wconf 59' lang='lat' dir='ltr'><em>Q</em></span> 
     </span>
    </p>
   </div>
   <div class='ocr_carea' id='block_1_4' title="bbox 377 961 903 1038">
    <p class='ocr_par' dir='ltr' id='par_1_4' title="bbox 377 961 903 1038">
     <span class='ocr_line' id='line_1_5' title="bbox 377 961 903 1038; baseline 0 -19"><span class='ocrx_word' id='word_1_14' title='bbox 377 962 663 1038; x_wconf 78' lang='lat' dir='ltr'>Re-qui-es-oont</span> <span class='ocrx_word' id='word_1_15' title='bbox 704 961 736 1017; x_wconf 90' lang='lat' dir='ltr'>in</span> <span class='ocrx_word' id='word_1_16' title='bbox 787 980 903 1038; x_wconf 82' lang='lat' dir='ltr'>po-ce.</span> 
     </span>
    </p>
   </div>
   <div class='ocr_carea' id='block_1_5' title="bbox 62 1089 1270 1329">
    <p class='ocr_par' dir='ltr' id='par_1_5' title="bbox 62 1089 1270 1329">
     <span class='ocr_line' id='line_1_6' title="bbox 122 1089 1270 1169; baseline 0.004 -22"><span class='ocrx_word' id='word_1_17' title='bbox 122 1089 166 1148; x_wconf 78' lang='lat' dir='ltr'>Io</span> <span class='ocrx_word' id='word_1_18' title='bbox 180 1091 277 1150; x_wconf 69' lang='lat' dir='ltr'>Mimo</span> <span class='ocrx_word' id='word_1_19' title='bbox 289 1093 324 1150; x_wconf 76' lang='lat' dir='ltr'>do</span> <span class='ocrx_word' id='word_1_20' title='bbox 337 1092 392 1164; x_wconf 81' lang='lat' dir='ltr'>die,</span> <span class='ocrx_word' id='word_1_21' title='bbox 407 1092 452 1150; x_wconf 81' lang='lat' dir='ltr'>vel</span> <span class='ocrx_word' id='word_1_22' title='bbox 467 1093 502 1150; x_wconf 81' lang='lat' dir='ltr'>de</span> <span class='ocrx_word' id='word_1_23' title='bbox 510 1112 592 1168; x_wconf 82' lang='lat' dir='ltr'>poce,</span> <span class='ocrx_word' id='word_1_24' title='bbox 607 1090 716 1167; x_wconf 78' lang='lat' dir='ltr'>oelpro</span> <span class='ocrx_word' id='word_1_25' title='bbox 725 1091 943 1165; x_wconf 55' lang='lat' dir='ltr'>familiarem,</span> <span class='ocrx_word' id='word_1_26' title='bbox 959 1092 1098 1151; x_wconf 76' lang='lat' dir='ltr'>dicontur</span> <span class='ocrx_word' id='word_1_27' title='bbox 1106 1113 1205 1169; x_wconf 72' lang='lat' dir='ltr'>preces</span> <span class='ocrx_word' id='word_1_28' title='bbox 1218 1093 1270 1152; x_wconf 77' lang='lat' dir='ltr'>hoo</span> 
     </span>
     <span class='ocr_line' id='line_1_7' title="bbox 62 1171 1268 1329; baseline 0 -17"><span class='ocrx_word' id='word_1_29' title='bbox 62 1171 251 1324; x_wconf 57' lang='lat' dir='ltr'>mOdtgiumdo</span> <span class='ocrx_word' id='word_1_30' title='bbox 278 1254 417 1313; x_wconf 66' lang='grc' dir='ltr'>δἀοενᾶοε</span> <span class='ocrx_word' id='word_1_31' title='bbox 443 1253 518 1311; x_wconf 72' lang='lat' dir='ltr'>liano</span> <span class='ocrx_word' id='word_1_32' title='bbox 546 1253 671 1310; x_wconf 62' lang='lat' dir='ltr'>Musam</span> <span class='ocrx_word' id='word_1_33' title='bbox 698 1253 841 1311; x_wconf 75' lang='lat' dir='ltr'>cetebrom</span> <span class='ocrx_word' id='word_1_34' title='bbox 866 1261 1023 1329; x_wconf 72' lang='lat' dir='ltr'>postquam</span> <span class='ocrx_word' id='word_1_35' title='bbox 1051 1253 1142 1311; x_wconf 82' lang='lat' dir='ltr'>Pater</span> <span class='ocrx_word' id='word_1_36' title='bbox 1167 1261 1268 1312; x_wconf 75' lang='lat' dir='ltr'>noster</span> 
     </span>
    </p>
   </div>
   <div class='ocr_carea' id='block_1_6' title="bbox 61 1333 1266 3068">
    <p class='ocr_par' dir='ltr' id='par_1_6' title="bbox 61 1333 1266 1566">
     <span class='ocr_line' id='line_1_8' title="bbox 61 1333 1266 1408; baseline 0.002 -19"><span class='ocrx_word' id='word_1_37' title='bbox 61 1334 169 1391; x_wconf 76' lang='lat' dir='ltr'>dixerit</span> <span class='ocrx_word' id='word_1_38' title='bbox 191 1345 217 1392; x_wconf 85' lang='lat' dir='ltr'>et</span> <span class='ocrx_word' id='word_1_39' title='bbox 240 1335 299 1392; x_wconf 84' lang='lat' dir='ltr'>Per</span> <span class='ocrx_word' id='word_1_40' title='bbox 321 1337 420 1392; x_wconf 81' lang='lat' dir='ltr'>omnia</span> <span class='ocrx_word' id='word_1_41' title='bbox 443 1333 548 1392; x_wconf 81' lang='lat' dir='ltr'>saecula</span> <span class='ocrx_word' id='word_1_42' title='bbox 570 1335 750 1404; x_wconf 86' lang='lat' dir='ltr'>saeculorum,</span> <span class='ocrx_word' id='word_1_43' title='bbox 766 1343 924 1408; x_wconf 75' lang='lat' dir='ltr'><em>antequam</em></span> <span class='ocrx_word' id='word_1_44' title='bbox 946 1334 1025 1391; x_wconf 63' lang='lat' dir='ltr'>duat</span> <span class='ocrx_word' id='word_1_45' title='bbox 1047 1334 1110 1391; x_wconf 81' lang='lat' dir='ltr'>Pax</span> <span class='ocrx_word' id='word_1_46' title='bbox 1134 1334 1266 1406; x_wconf 89' lang='lat' dir='ltr'>Domini,</span> 
     </span>
     <span class='ocr_line' id='line_1_9' title="bbox 63 1415 1266 1476; baseline 0.005 -6"><span class='ocrx_word' id='word_1_47' title='bbox 63 1416 201 1472; x_wconf 80' lang='lat' dir='ltr'>dicantur</span> <span class='ocrx_word' id='word_1_48' title='bbox 222 1415 255 1473; x_wconf 75' lang='lat' dir='ltr'>ti</span> <span class='ocrx_word' id='word_1_49' title='bbox 277 1416 392 1474; x_wconf 75' lang='lat' dir='ltr'>Psalmi</span> <span class='ocrx_word' id='word_1_50' title='bbox 413 1437 432 1473; x_wconf 85' lang='lat' dir='ltr'><strong><em>a</em></strong></span> <span class='ocrx_word' id='word_1_51' title='bbox 454 1415 605 1475; x_wconf 81' lang='lat' dir='ltr'>Sacerdote</span> <span class='ocrx_word' id='word_1_52' title='bbox 626 1436 692 1473; x_wconf 81' lang='lat' dir='ltr'>cum</span> <span class='ocrx_word' id='word_1_53' title='bbox 705 1416 851 1472; x_wconf 73' lang='lat' dir='ltr'><em>ministris</em></span> <span class='ocrx_word' id='word_1_54' title='bbox 867 1424 894 1473; x_wconf 84' lang='lat' dir='ltr'>et</span> <span class='ocrx_word' id='word_1_55' title='bbox 915 1415 1050 1473; x_wconf 77' lang='lat' dir='ltr'>eimiliter</span> <span class='ocrx_word' id='word_1_56' title='bbox 1063 1437 1083 1472; x_wconf 82' lang='lat' dir='ltr'><strong><em>a</em></strong></span> <span class='ocrx_word' id='word_1_57' title='bbox 1098 1415 1193 1474; x_wconf 75' lang='lat' dir='ltr'>Choro</span> <span class='ocrx_word' id='word_1_58' title='bbox 1214 1418 1266 1476; x_wconf 78' lang='lat' dir='ltr'>cub</span> 
     </span>
     <span class='ocr_line' id='line_1_10' title="bbox 63 1497 334 1566; baseline 0.011 -14"><span class='ocrx_word' id='word_1_59' title='bbox 63 1497 185 1566; x_wconf 71' lang='lat' dir='ltr'>cilentio,</span> <span class='ocrx_word' id='word_1_60' title='bbox 199 1497 334 1555; x_wconf 70' lang='lat' dir='ltr'>eiddicet.</span> 
     </span>
    </p>

    <p class='ocr_par' dir='ltr' id='par_1_7' title="bbox 122 1578 599 1650">
     <span class='ocr_line' id='line_1_11' title="bbox 122 1578 599 1650; baseline 0.002 -17"><span class='ocrx_word' id='word_1_61' title='bbox 122 1578 170 1634; x_wconf 80' lang='lat' dir='ltr'>Pe.</span> <span class='ocrx_word' id='word_1_62' title='bbox 215 1579 352 1650; x_wconf 87' lang='lat' dir='ltr'>Domine,</span> <span class='ocrx_word' id='word_1_63' title='bbox 367 1579 400 1635; x_wconf 90' lang='lat' dir='ltr'>in</span> <span class='ocrx_word' id='word_1_64' title='bbox 414 1578 526 1635; x_wconf 74' lang='lat' dir='ltr'>virtute</span> <span class='ocrx_word' id='word_1_65' title='bbox 540 1584 599 1635; x_wconf 72' lang='lat' dir='ltr'>tua.</span> 
     </span>
    </p>

    <p class='ocr_par' dir='ltr' id='par_1_8' title="bbox 124 1654 519 1739">
     <span class='ocr_line' id='line_1_12' title="bbox 124 1654 519 1739; baseline 0.005 -25"><span class='ocrx_word' id='word_1_66' title='bbox 124 1654 201 1739; x_wconf 62' lang='lat' dir='ltr'>[Pe]</span> <span class='ocrx_word' id='word_1_67' title='bbox 243 1660 325 1716; x_wconf 89' lang='lat' dir='ltr'>Dens</span> <span class='ocrx_word' id='word_1_68' title='bbox 338 1661 519 1716; x_wconf 80' lang='lat' dir='ltr'>misereatur.</span> 
     </span>
    </p>

    <p class='ocr_par' dir='ltr' id='par_1_9' title="bbox 123 1739 437 1798">
     <span class='ocr_line' id='line_1_13' title="bbox 123 1739 437 1798; baseline 0.003 -2"><span class='ocrx_word' id='word_1_69' title='bbox 123 1740 171 1797; x_wconf 84' lang='lat' dir='ltr'>Pe.</span> <span class='ocrx_word' id='word_1_70' title='bbox 216 1739 350 1798; x_wconf 82' lang='lat' dir='ltr'>Laetatus</span> <span class='ocrx_word' id='word_1_71' title='bbox 363 1760 437 1797; x_wconf 88' lang='lat' dir='ltr'>snm.</span> 
     </span>
    </p>

    <p class='ocr_par' dir='ltr' id='par_1_10' title="bbox 69 1819 1266 2059">
     <span class='ocr_line' id='line_1_14' title="bbox 121 1819 1266 1897; baseline 0.003 -22"><span class='ocrx_word' id='word_1_72' title='bbox 121 1820 218 1879; x_wconf 68' lang='lat' dir='ltr'>Dictis</span> <span class='ocrx_word' id='word_1_73' title='bbox 239 1822 377 1891; x_wconf 74' lang='lat' dir='ltr'>Psalmis,</span> <span class='ocrx_word' id='word_1_74' title='bbox 404 1822 542 1879; x_wconf 74' lang='lat' dir='ltr'>dicotur:</span> <span class='ocrx_word' id='word_1_75' title='bbox 573 1819 670 1895; x_wconf 85' lang='lat' dir='ltr'>Kyrie</span> <span class='ocrx_word' id='word_1_76' title='bbox 691 1819 816 1896; x_wconf 79' lang='lat' dir='ltr'>eleyson.</span> <span class='ocrx_word' id='word_1_77' title='bbox 861 1819 978 1878; x_wconf 83' lang='lat' dir='ltr'>Christe</span> <span class='ocrx_word' id='word_1_78' title='bbox 999 1821 1126 1897; x_wconf 81' lang='lat' dir='ltr'><strong>eleyson.</strong></span> <span class='ocrx_word' id='word_1_79' title='bbox 1169 1821 1266 1897; x_wconf 83' lang='lat' dir='ltr'>Kyrie</span> 
     </span>
     <span class='ocr_line' id='line_1_15' title="bbox 69 1899 1265 1974; baseline 0.003 -18"><span class='ocrx_word' id='word_1_80' title='bbox 69 1899 184 1974; x_wconf 82' lang='lat' dir='ltr'><strong>eleyson.</strong></span> <span class='ocrx_word' id='word_1_81' title='bbox 230 1903 320 1961; x_wconf 81' lang='lat' dir='ltr'>Pater</span> <span class='ocrx_word' id='word_1_82' title='bbox 333 1909 440 1960; x_wconf 88' lang='lat' dir='ltr'>noster.</span> <span class='ocrx_word' id='word_1_83' title='bbox 481 1901 621 1960; x_wconf 70' lang='lat' dir='ltr'>Sacerdos</span> <span class='ocrx_word' id='word_1_84' title='bbox 642 1901 721 1959; x_wconf 73' lang='lat' dir='ltr'>diem</span> <span class='ocrx_word' id='word_1_85' title='bbox 738 1902 895 1960; x_wconf 70' lang='lat' dir='ltr'>subnoto:</span> <span class='ocrx_word' id='word_1_86' title='bbox 917 1901 958 1958; x_wconf 87' lang='lat' dir='ltr'>Et</span> <span class='ocrx_word' id='word_1_87' title='bbox 971 1921 1009 1960; x_wconf 93' lang='lat' dir='ltr'>ne</span> <span class='ocrx_word' id='word_1_88' title='bbox 1026 1922 1081 1959; x_wconf 86' lang='lat' dir='ltr'>nos</span> <span class='ocrx_word' id='word_1_89' title='bbox 1098 1903 1219 1961; x_wconf 80' lang='lat' dir='ltr'>inducas</span> <span class='ocrx_word' id='word_1_90' title='bbox 1233 1904 1265 1960; x_wconf 92' lang='lat' dir='ltr'>in</span> 
     </span>
     <span class='ocr_line' id='line_1_16' title="bbox 71 1983 519 2059; baseline 0.004 -21"><span class='ocrx_word' id='word_1_91' title='bbox 71 1985 276 2058; x_wconf 65' lang='lat' dir='ltr'>tentationem</span> <span class='ocrx_word' id='word_1_92' title='bbox 297 1984 383 2059; x_wconf 75' lang='lat' dir='ltr'>quoni</span> <span class='ocrx_word' id='word_1_93' title='bbox 397 1983 519 2058; x_wconf 75' lang='lat' dir='ltr'>tependo.</span> 
     </span>
    </p>

    <p class='ocr_par' dir='ltr' id='par_1_11' title="bbox 300 2079 1100 3068">
     <span class='ocr_line' id='line_1_17' title="bbox 303 2079 751 2156; baseline -0.009 -16"><span class='ocrx_word' id='word_1_94' title='bbox 303 2081 440 2151; x_wconf 88' lang='lat' dir='ltr'>Domine,</span> <span class='ocrx_word' id='word_1_95' title='bbox 454 2080 569 2138; x_wconf 74' lang='lat' dir='ltr'>calvum</span> <span class='ocrx_word' id='word_1_96' title='bbox 583 2079 630 2138; x_wconf 82' lang='lat' dir='ltr'>fac</span> <span class='ocrx_word' id='word_1_97' title='bbox 643 2099 751 2156; x_wconf 88' lang='lat' dir='ltr'>regem.</span> 
     </span>
     <span class='ocr_line' id='line_1_18' title="bbox 342 2173 1100 2248; baseline -0.001 -17"><span class='ocrx_word' id='word_1_98' title='bbox 342 2175 384 2232; x_wconf 83' lang='lat' dir='ltr'>Et</span> <span class='ocrx_word' id='word_1_99' title='bbox 398 2173 572 2231; x_wconf 78' lang='lat' dir='ltr'>exaudinos</span> <span class='ocrx_word' id='word_1_100' title='bbox 587 2173 617 2229; x_wconf 89' lang='lat' dir='ltr'>in</span> <span class='ocrx_word' id='word_1_101' title='bbox 632 2173 680 2229; x_wconf 85' lang='lat' dir='ltr'>die</span> <span class='ocrx_word' id='word_1_102' title='bbox 694 2174 726 2230; x_wconf 94' lang='lat' dir='ltr'>in</span> <span class='ocrx_word' id='word_1_103' title='bbox 741 2192 800 2248; x_wconf 80' lang='lat' dir='ltr'>quc</span> <span class='ocrx_word' id='word_1_104' title='bbox 812 2173 1050 2230; x_wconf 73' lang='lat' dir='ltr'>invocaverimus</span> <span class='ocrx_word' id='word_1_105' title='bbox 1063 2178 1100 2230; x_wconf 87' lang='lat' dir='ltr'>te.</span> 
     </span>
     <span class='ocr_line' id='line_1_19' title="bbox 301 2266 905 2349; baseline -0.005 -22"><span class='ocrx_word' id='word_1_106' title='bbox 301 2269 423 2327; x_wconf 77' lang='lat' dir='ltr'>Salvum</span> <span class='ocrx_word' id='word_1_107' title='bbox 438 2267 483 2324; x_wconf 84' lang='lat' dir='ltr'>sac</span> <span class='ocrx_word' id='word_1_108' title='bbox 501 2266 642 2343; x_wconf 90' lang='lat' dir='ltr'>populum</span> <span class='ocrx_word' id='word_1_109' title='bbox 657 2272 752 2337; x_wconf 81' lang='lat' dir='ltr'>tuum,</span> <span class='ocrx_word' id='word_1_110' title='bbox 769 2266 905 2349; x_wconf 80' lang='lat' dir='ltr'>Domine.</span> 
     </span>
     <span class='ocr_line' id='line_1_20' title="bbox 340 2359 781 2418; baseline -0.005 0"><span class='ocrx_word' id='word_1_111' title='bbox 340 2361 382 2418; x_wconf 84' lang='lat' dir='ltr'>Et</span> <span class='ocrx_word' id='word_1_112' title='bbox 395 2360 518 2418; x_wconf 83' lang='lat' dir='ltr'>benedic</span> <span class='ocrx_word' id='word_1_113' title='bbox 532 2359 700 2416; x_wconf 78' lang='lat' dir='ltr'>haercditati</span> <span class='ocrx_word' id='word_1_114' title='bbox 714 2366 781 2416; x_wconf 83' lang='lat' dir='ltr'>tuae.</span> 
     </span>
     <span class='ocr_line' id='line_1_21' title="bbox 300 2452 704 2530; baseline -0.005 -20"><span class='ocrx_word' id='word_1_115' title='bbox 300 2453 369 2511; x_wconf 82' lang='lat' dir='ltr'>Fiet</span> <span class='ocrx_word' id='word_1_116' title='bbox 383 2473 443 2530; x_wconf 81' lang='lat' dir='ltr'>pax</span> <span class='ocrx_word' id='word_1_117' title='bbox 456 2452 489 2509; x_wconf 92' lang='lat' dir='ltr'>in</span> <span class='ocrx_word' id='word_1_118' title='bbox 503 2452 616 2508; x_wconf 85' lang='lat' dir='ltr'>virtute</span> <span class='ocrx_word' id='word_1_119' title='bbox 630 2458 683 2509; x_wconf 82' lang='lat' dir='ltr'>tuo</span> <span class='ocrx_word' id='word_1_120' title='bbox 697 2472 704 2508; x_wconf 80' lang='lat' dir='ltr'>t</span> 
     </span>
     <span class='ocr_line' id='line_1_22' title="bbox 340 2544 854 2604; baseline 0 -1"><span class='ocrx_word' id='word_1_121' title='bbox 340 2546 382 2603; x_wconf 86' lang='lat' dir='ltr'>Et</span> <span class='ocrx_word' id='word_1_122' title='bbox 395 2545 579 2604; x_wconf 82' lang='lat' dir='ltr'>abundantio</span> <span class='ocrx_word' id='word_1_123' title='bbox 593 2545 625 2601; x_wconf 91' lang='lat' dir='ltr'>in</span> <span class='ocrx_word' id='word_1_124' title='bbox 639 2544 772 2602; x_wconf 84' lang='lat' dir='ltr'>turribus</span> <span class='ocrx_word' id='word_1_125' title='bbox 785 2545 854 2604; x_wconf 77' lang='lat' dir='ltr'>tuis.</span> 
     </span>
     <span class='ocr_line' id='line_1_23' title="bbox 301 2638 957 2720; baseline -0.002 -24"><span class='ocrx_word' id='word_1_126' title='bbox 301 2639 429 2697; x_wconf 89' lang='lat' dir='ltr'>Domine</span> <span class='ocrx_word' id='word_1_127' title='bbox 443 2640 525 2695; x_wconf 84' lang='lat' dir='ltr'>Deus</span> <span class='ocrx_word' id='word_1_128' title='bbox 539 2638 698 2709; x_wconf 84' lang='lat' dir='ltr'>virtutum,</span> <span class='ocrx_word' id='word_1_129' title='bbox 713 2644 852 2720; x_wconf 64' lang='lat' dir='ltr'>conuerte</span> <span class='ocrx_word' id='word_1_130' title='bbox 866 2657 936 2695; x_wconf 80' lang='lat' dir='ltr'>nos:</span> <span class='ocrx_word' id='word_1_131' title='bbox 953 2643 957 2650; x_wconf 91' lang='lat'>&#39;</span> 
     </span>
     <span class='ocr_line' id='line_1_24' title="bbox 341 2730 1004 2803; baseline -0.003 -14"><span class='ocrx_word' id='word_1_132' title='bbox 341 2733 381 2788; x_wconf 82' lang='lat' dir='ltr'>Et</span> <span class='ocrx_word' id='word_1_133' title='bbox 396 2731 517 2788; x_wconf 88' lang='lat' dir='ltr'>ostende</span> <span class='ocrx_word' id='word_1_134' title='bbox 530 2731 635 2787; x_wconf 79' lang='lat' dir='ltr'>faciem</span> <span class='ocrx_word' id='word_1_135' title='bbox 648 2737 741 2800; x_wconf 82' lang='lat' dir='ltr'>tuam,</span> <span class='ocrx_word' id='word_1_136' title='bbox 753 2737 783 2787; x_wconf 87' lang='lat' dir='ltr'>et</span> <span class='ocrx_word' id='word_1_137' title='bbox 797 2730 873 2787; x_wconf 82' lang='lat' dir='ltr'>solvi</span> <span class='ocrx_word' id='word_1_138' title='bbox 886 2731 1004 2803; x_wconf 75' lang='lat' dir='ltr'>erimus,</span> 
     </span>
     <span class='ocr_line' id='line_1_25' title="bbox 300 2823 865 2896; baseline -0.004 -14"><span class='ocrx_word' id='word_1_139' title='bbox 300 2825 434 2896; x_wconf 89' lang='lat' dir='ltr'>Domine,</span> <span class='ocrx_word' id='word_1_140' title='bbox 451 2823 560 2881; x_wconf 83' lang='lat' dir='ltr'>exaudi</span> <span class='ocrx_word' id='word_1_141' title='bbox 574 2824 738 2880; x_wconf 81' lang='lat' dir='ltr'>orationem</span> <span class='ocrx_word' id='word_1_142' title='bbox 752 2843 865 2881; x_wconf 80' lang='lat' dir='ltr'>meam:</span> 
     </span>
     <span class='ocr_line' id='line_1_26' title="bbox 339 2916 820 2974; baseline -0.002 0"><span class='ocrx_word' id='word_1_143' title='bbox 339 2917 381 2974; x_wconf 85' lang='lat' dir='ltr'>Et</span> <span class='ocrx_word' id='word_1_144' title='bbox 394 2917 505 2974; x_wconf 87' lang='lat' dir='ltr'>clamor</span> <span class='ocrx_word' id='word_1_145' title='bbox 518 2937 601 2973; x_wconf 84' lang='lat' dir='ltr'>meus</span> <span class='ocrx_word' id='word_1_146' title='bbox 614 2917 653 2973; x_wconf 82' lang='lat' dir='ltr'>ed</span> <span class='ocrx_word' id='word_1_147' title='bbox 666 2923 697 2973; x_wconf 89' lang='lat' dir='ltr'>tc</span> <span class='ocrx_word' id='word_1_148' title='bbox 711 2916 820 2973; x_wconf 83' lang='lat' dir='ltr'>veniat.</span> 
     </span>
     <span class='ocr_line' id='line_1_27' title="bbox 300 3011 622 3068; baseline -0.003 -1"><span class='ocrx_word' id='word_1_149' title='bbox 300 3011 448 3068; x_wconf 76' lang='lat' dir='ltr'>Dominus</span> <span class='ocrx_word' id='word_1_150' title='bbox 462 3011 622 3068; x_wconf 84' lang='lat' dir='ltr'>vobiscum.</span> 
     </span>
    </p>
   </div>
   <div class='ocr_carea' id='block_1_7' title="bbox 121 3103 659 3244">
    <p class='ocr_par' dir='ltr' id='par_1_12' title="bbox 121 3103 659 3244">
     <span class='ocr_line' id='line_1_28' title="bbox 341 3103 659 3180; baseline 0 -19"><span class='ocrx_word' id='word_1_151' title='bbox 341 3105 463 3161; x_wconf 87' lang='lat' dir='ltr'>Etcum</span> <span class='ocrx_word' id='word_1_152' title='bbox 477 3103 584 3180; x_wconf 82' lang='lat' dir='ltr'>spiritu</span> <span class='ocrx_word' id='word_1_153' title='bbox 599 3111 659 3161; x_wconf 82' lang='lat' dir='ltr'>tue.</span> 
     </span>
     <span class='ocr_line' id='line_1_29' title="bbox 121 3186 229 3244; baseline 0 -1"><span class='ocrx_word' id='word_1_154' title='bbox 121 3186 229 3244; x_wconf 80' lang='lat' dir='ltr'>Oratio.</span> 
     </span>
    </p>
   </div>
   <div class='ocr_carea' id='block_1_8' title="bbox 46 3276 1263 3820">
    <p class='ocr_par' dir='ltr' id='par_1_13' title="bbox 46 3276 1263 3543">
     <span class='ocr_line' id='line_1_30' title="bbox 119 3276 1263 3356; baseline 0 -21"><span class='ocrx_word' id='word_1_155' title='bbox 119 3279 172 3351; x_wconf 79' lang='lat' dir='ltr'>De,</span> <span class='ocrx_word' id='word_1_156' title='bbox 188 3298 367 3356; x_wconf 65' lang='lat' dir='ltr'>quesumus,</span> <span class='ocrx_word' id='word_1_157' title='bbox 383 3278 520 3349; x_wconf 89' lang='lat' dir='ltr'>Domine,</span> <span class='ocrx_word' id='word_1_158' title='bbox 536 3277 647 3334; x_wconf 78' lang='lat' dir='ltr'>famulo</span> <span class='ocrx_word' id='word_1_159' title='bbox 668 3282 721 3333; x_wconf 89' lang='lat' dir='ltr'>tuo</span> <span class='ocrx_word' id='word_1_160' title='bbox 742 3276 780 3333; x_wconf 88' lang='lat' dir='ltr'>N.</span> <span class='ocrx_word' id='word_1_161' title='bbox 804 3277 866 3354; x_wconf 83' lang='lat' dir='ltr'>regi</span> <span class='ocrx_word' id='word_1_162' title='bbox 885 3282 988 3334; x_wconf 82' lang='lat' dir='ltr'>nostro</span> <span class='ocrx_word' id='word_1_163' title='bbox 1008 3277 1134 3335; x_wconf 84' lang='lat' dir='ltr'>salutem</span> <span class='ocrx_word' id='word_1_164' title='bbox 1154 3279 1263 3336; x_wconf 79' lang='lat' dir='ltr'>mentis</span> 
     </span>
     <span class='ocr_line' id='line_1_31' title="bbox 47 3370 1261 3450; baseline 0 -23"><span class='ocrx_word' id='word_1_165' title='bbox 47 3373 93 3426; x_wconf 54' lang='lat' dir='ltr'>et</span> <span class='ocrx_word' id='word_1_166' title='bbox 108 3373 243 3450; x_wconf 79' lang='lat' dir='ltr'>corporis,</span> <span class='ocrx_word' id='word_1_167' title='bbox 258 3392 327 3429; x_wconf 91' lang='lat' dir='ltr'>cum</span> <span class='ocrx_word' id='word_1_168' title='bbox 344 3373 451 3448; x_wconf 83' lang='lat' dir='ltr'>spiritu</span> <span class='ocrx_word' id='word_1_169' title='bbox 465 3371 601 3428; x_wconf 75' lang='lat' dir='ltr'>veritatis</span> <span class='ocrx_word' id='word_1_170' title='bbox 616 3376 646 3427; x_wconf 86' lang='lat' dir='ltr'>et</span> <span class='ocrx_word' id='word_1_171' title='bbox 659 3370 747 3446; x_wconf 80' lang='lat' dir='ltr'>pacis,</span> <span class='ocrx_word' id='word_1_172' title='bbox 763 3377 799 3427; x_wconf 82' lang='lat' dir='ltr'>ut</span> <span class='ocrx_word' id='word_1_173' title='bbox 819 3370 905 3427; x_wconf 81' lang='lat' dir='ltr'>bonis</span> <span class='ocrx_word' id='word_1_174' title='bbox 925 3371 1062 3446; x_wconf 75' lang='lat' dir='ltr'>operibus</span> <span class='ocrx_word' id='word_1_175' title='bbox 1083 3371 1261 3444; x_wconf 67' lang='lat' dir='ltr'>inhaerendo,</span> 
     </span>
     <span class='ocr_line' id='line_1_32' title="bbox 46 3457 1175 3543; baseline 0.001 -22"><span class='ocrx_word' id='word_1_176' title='bbox 46 3457 116 3521; x_wconf 64' lang='lat' dir='ltr'>tue</span> <span class='ocrx_word' id='word_1_177' title='bbox 135 3485 252 3543; x_wconf 83' lang='lat' dir='ltr'>semper</span> <span class='ocrx_word' id='word_1_178' title='bbox 265 3465 388 3522; x_wconf 83' lang='lat' dir='ltr'>virtutis</span> <span class='ocrx_word' id='word_1_179' title='bbox 402 3471 550 3522; x_wconf 79' lang='lat' dir='ltr'>mereatur</span> <span class='ocrx_word' id='word_1_180' title='bbox 564 3463 748 3540; x_wconf 82' lang='lat' dir='ltr'>protectione</span> <span class='ocrx_word' id='word_1_181' title='bbox 763 3463 887 3521; x_wconf 88' lang='lat' dir='ltr'>defendi.</span> <span class='ocrx_word' id='word_1_182' title='bbox 931 3463 990 3521; x_wconf 89' lang='lat' dir='ltr'>Per</span> <span class='ocrx_word' id='word_1_183' title='bbox 1003 3463 1175 3522; x_wconf 84' lang='lat' dir='ltr'>Dominum.</span> 
     </span>
    </p>

    <p class='ocr_par' dir='ltr' id='par_1_14' title="bbox 117 3558 314 3618">
     <span class='ocr_line' id='line_1_33' title="bbox 117 3558 314 3618; baseline -0.005 -3"><span class='ocrx_word' id='word_1_184' title='bbox 117 3558 186 3616; x_wconf 73' lang='lat' dir='ltr'>Atia</span> <span class='ocrx_word' id='word_1_185' title='bbox 202 3558 314 3618; x_wconf 78' lang='lat' dir='ltr'>Oratio.</span> 
     </span>
    </p>

    <p class='ocr_par' dir='ltr' id='par_1_15' title="bbox 52 3649 1262 3820">
     <span class='ocr_line' id='line_1_34' title="bbox 117 3649 1262 3727; baseline -0.001 -19"><span class='ocrx_word' id='word_1_186' title='bbox 117 3649 269 3723; x_wconf 83' lang='lat' dir='ltr'>Miserere,</span> <span class='ocrx_word' id='word_1_187' title='bbox 285 3669 461 3727; x_wconf 72' lang='lat' dir='ltr'>quesumus,</span> <span class='ocrx_word' id='word_1_188' title='bbox 478 3650 615 3721; x_wconf 88' lang='lat' dir='ltr'>Domine,</span> <span class='ocrx_word' id='word_1_189' title='bbox 629 3650 739 3727; x_wconf 88' lang='lat' dir='ltr'>populo</span> <span class='ocrx_word' id='word_1_190' title='bbox 759 3655 820 3721; x_wconf 87' lang='lat' dir='ltr'>tuo,</span> <span class='ocrx_word' id='word_1_191' title='bbox 843 3656 874 3706; x_wconf 89' lang='lat' dir='ltr'>ct</span> <span class='ocrx_word' id='word_1_192' title='bbox 894 3650 1043 3707; x_wconf 82' lang='lat' dir='ltr'>continuis</span> <span class='ocrx_word' id='word_1_193' title='bbox 1063 3650 1262 3710; x_wconf 82' lang='lat' dir='ltr'>tribulationi-</span> 
     </span>
     <span class='ocr_line' id='line_1_35' title="bbox 52 3731 1058 3820; baseline 0.005 -25"><span class='ocrx_word' id='word_1_194' title='bbox 52 3731 112 3800; x_wconf 77' lang='lat' dir='ltr'>bus</span> <span class='ocrx_word' id='word_1_195' title='bbox 125 3743 308 3801; x_wconf 82' lang='lat' dir='ltr'>laborantem</span> <span class='ocrx_word' id='word_1_196' title='bbox 324 3743 469 3820; x_wconf 85' lang='lat' dir='ltr'>propitius</span> <span class='ocrx_word' id='word_1_197' title='bbox 483 3742 625 3818; x_wconf 75' lang='lat' dir='ltr'>respuere</span> <span class='ocrx_word' id='word_1_198' title='bbox 639 3743 772 3800; x_wconf 89' lang='lat' dir='ltr'>concede.</span> <span class='ocrx_word' id='word_1_199' title='bbox 815 3742 873 3799; x_wconf 89' lang='lat' dir='ltr'>Per</span> <span class='ocrx_word' id='word_1_200' title='bbox 887 3743 1058 3800; x_wconf 90' lang='lat' dir='ltr'>Dominum.</span> 
     </span>
    </p>
   </div>
   <div class='ocr_carea' id='block_1_9' title="bbox 59 3839 1262 4494">
    <p class='ocr_par' dir='ltr' id='par_1_16' title="bbox 117 3839 323 3899">
     <span class='ocr_line' id='line_1_36' title="bbox 117 3839 323 3899; baseline -0.01 -2"><span class='ocrx_word' id='word_1_201' title='bbox 117 3840 190 3897; x_wconf 76' lang='lat' dir='ltr'>Alta</span> <span class='ocrx_word' id='word_1_202' title='bbox 210 3839 323 3899; x_wconf 80' lang='lat' dir='ltr'>Oratio.</span> 
     </span>
    </p>

    <p class='ocr_par' dir='ltr' id='par_1_17' title="bbox 59 3932 1262 4494">
     <span class='ocr_line' id='line_1_37' title="bbox 117 3932 1259 4011; baseline 0.002 -21"><span class='ocrx_word' id='word_1_203' title='bbox 117 3933 208 4005; x_wconf 80' lang='lat' dir='ltr'>Deus,</span> <span class='ocrx_word' id='word_1_204' title='bbox 231 3952 250 3989; x_wconf 78' lang='lat' dir='ltr'>a</span> <span class='ocrx_word' id='word_1_205' title='bbox 273 3952 332 4009; x_wconf 90' lang='lat' dir='ltr'>quo</span> <span class='ocrx_word' id='word_1_206' title='bbox 355 3939 456 3990; x_wconf 80' lang='lat' dir='ltr'>sancta</span> <span class='ocrx_word' id='word_1_207' title='bbox 480 3932 630 4002; x_wconf 80' lang='lat' dir='ltr'>desideria,</span> <span class='ocrx_word' id='word_1_208' title='bbox 655 3939 735 3989; x_wconf 81' lang='lat' dir='ltr'>recta</span> <span class='ocrx_word' id='word_1_209' title='bbox 759 3933 888 4005; x_wconf 83' lang='lat' dir='ltr'>consilio,</span> <span class='ocrx_word' id='word_1_210' title='bbox 915 3940 946 3990; x_wconf 84' lang='lat' dir='ltr'>et</span> <span class='ocrx_word' id='word_1_211' title='bbox 963 3934 1047 4009; x_wconf 81' lang='lat' dir='ltr'>justa</span> <span class='ocrx_word' id='word_1_212' title='bbox 1071 3942 1259 4011; x_wconf 71' lang='lat' dir='ltr'>sumopere,</span> 
     </span>
     <span class='ocr_line' id='line_1_38' title="bbox 59 4026 1261 4106; baseline 0.002 -20"><span class='ocrx_word' id='word_1_213' title='bbox 59 4026 94 4086; x_wconf 82' lang='lat' dir='ltr'>dn</span> <span class='ocrx_word' id='word_1_214' title='bbox 111 4030 203 4087; x_wconf 78' lang='lat' dir='ltr'>cervis</span> <span class='ocrx_word' id='word_1_215' title='bbox 220 4029 283 4086; x_wconf 79' lang='lat' dir='ltr'>tuis</span> <span class='ocrx_word' id='word_1_216' title='bbox 300 4028 382 4086; x_wconf 80' lang='lat' dir='ltr'>illam</span> <span class='ocrx_word' id='word_1_217' title='bbox 402 4049 490 4105; x_wconf 86' lang='lat' dir='ltr'>quom</span> <span class='ocrx_word' id='word_1_218' title='bbox 507 4028 635 4085; x_wconf 85' lang='lat' dir='ltr'>mundus</span> <span class='ocrx_word' id='word_1_219' title='bbox 653 4029 723 4086; x_wconf 77' lang='lat' dir='ltr'>(lure</span> <span class='ocrx_word' id='word_1_220' title='bbox 741 4048 802 4086; x_wconf 91' lang='lat' dir='ltr'>non</span> <span class='ocrx_word' id='word_1_221' title='bbox 821 4036 917 4104; x_wconf 84' lang='lat' dir='ltr'>potest</span> <span class='ocrx_word' id='word_1_222' title='bbox 935 4050 1053 4106; x_wconf 86' lang='lat' dir='ltr'>pacem:</span> <span class='ocrx_word' id='word_1_223' title='bbox 1075 4038 1109 4087; x_wconf 92' lang='lat' dir='ltr'>nt</span> <span class='ocrx_word' id='word_1_224' title='bbox 1127 4038 1158 4088; x_wconf 89' lang='lat' dir='ltr'>et</span> <span class='ocrx_word' id='word_1_225' title='bbox 1173 4032 1261 4089; x_wconf 77' lang='lat' dir='ltr'>corde</span> 
     </span>
     <span class='ocr_line' id='line_1_39' title="bbox 59 4125 1262 4203; baseline 0.002 -21"><span class='ocrx_word' id='word_1_226' title='bbox 59 4131 157 4184; x_wconf 76' lang='lat' dir='ltr'>nostra</span> <span class='ocrx_word' id='word_1_227' title='bbox 170 4125 321 4183; x_wconf 72' lang='lat' dir='ltr'>mendatis</span> <span class='ocrx_word' id='word_1_228' title='bbox 335 4125 395 4183; x_wconf 83' lang='lat' dir='ltr'>tuis</span> <span class='ocrx_word' id='word_1_229' title='bbox 409 4126 516 4199; x_wconf 81' lang='lat' dir='ltr'>dedito,</span> <span class='ocrx_word' id='word_1_230' title='bbox 533 4133 563 4184; x_wconf 83' lang='lat' dir='ltr'>et</span> <span class='ocrx_word' id='word_1_231' title='bbox 578 4126 709 4183; x_wconf 89' lang='lat' dir='ltr'>hostium</span> <span class='ocrx_word' id='word_1_232' title='bbox 728 4125 846 4183; x_wconf 82' lang='lat' dir='ltr'>sublato</span> <span class='ocrx_word' id='word_1_233' title='bbox 865 4127 1031 4198; x_wconf 83' lang='lat' dir='ltr'>formidine,</span> <span class='ocrx_word' id='word_1_234' title='bbox 1047 4133 1180 4203; x_wconf 79' lang='lat' dir='ltr'>tempore</span> <span class='ocrx_word' id='word_1_235' title='bbox 1200 4127 1262 4185; x_wconf 83' lang='lat' dir='ltr'>sint</span> 
     </span>
     <span class='ocr_line' id='line_1_40' title="bbox 61 4223 1261 4301; baseline 0.003 -22"><span class='ocrx_word' id='word_1_236' title='bbox 61 4226 108 4281; x_wconf 77' lang='lat' dir='ltr'>tun</span> <span class='ocrx_word' id='word_1_237' title='bbox 131 4223 317 4301; x_wconf 81' lang='lat' dir='ltr'>protectione</span> <span class='ocrx_word' id='word_1_238' title='bbox 340 4223 509 4299; x_wconf 64' lang='lat' dir='ltr'>tranquillo„</span> <span class='ocrx_word' id='word_1_239' title='bbox 561 4223 620 4281; x_wconf 89' lang='lat' dir='ltr'>Per</span> <span class='ocrx_word' id='word_1_240' title='bbox 641 4223 804 4281; x_wconf 91' lang='lat' dir='ltr'>Dominum</span> <span class='ocrx_word' id='word_1_241' title='bbox 825 4230 960 4281; x_wconf 90' lang='lat' dir='ltr'>nostrum</span> <span class='ocrx_word' id='word_1_242' title='bbox 981 4223 1003 4281; x_wconf 89' lang='lat' dir='ltr'><strong>J</strong></span> <span class='ocrx_word' id='word_1_243' title='bbox 1005 4244 1087 4281; x_wconf 88' lang='lat' dir='ltr'>esum</span> <span class='ocrx_word' id='word_1_244' title='bbox 1108 4224 1261 4282; x_wconf 74' lang='lat' dir='ltr'>Christum</span> 
     </span>
     <span class='ocr_line' id='line_1_41' title="bbox 63 4318 1262 4398; baseline 0.003 -21"><span class='ocrx_word' id='word_1_245' title='bbox 63 4318 170 4379; x_wconf 81' lang='lat' dir='ltr'>Filium</span> <span class='ocrx_word' id='word_1_246' title='bbox 191 4327 289 4390; x_wconf 89' lang='lat' dir='ltr'>tuum,</span> <span class='ocrx_word' id='word_1_247' title='bbox 313 4320 374 4390; x_wconf 83' lang='lat' dir='ltr'>Qui</span> <span class='ocrx_word' id='word_1_248' title='bbox 394 4327 493 4378; x_wconf 88' lang='lat' dir='ltr'>tecum</span> <span class='ocrx_word' id='word_1_249' title='bbox 515 4321 592 4379; x_wconf 81' lang='lat' dir='ltr'>vivit</span> <span class='ocrx_word' id='word_1_250' title='bbox 613 4328 644 4379; x_wconf 85' lang='lat' dir='ltr'>et</span> <span class='ocrx_word' id='word_1_251' title='bbox 671 4329 784 4398; x_wconf 81' lang='lat' dir='ltr'>regnet,</span> <span class='ocrx_word' id='word_1_252' title='bbox 808 4321 847 4378; x_wconf 91' lang='lat' dir='ltr'>In</span> <span class='ocrx_word' id='word_1_253' title='bbox 868 4321 985 4379; x_wconf 75' lang='lat' dir='ltr'>unitate</span> <span class='ocrx_word' id='word_1_254' title='bbox 1007 4321 1136 4398; x_wconf 77' lang='lat' dir='ltr'>Spiritus</span> <span class='ocrx_word' id='word_1_255' title='bbox 1158 4322 1262 4381; x_wconf 78' lang='lat' dir='ltr'>Sancti</span> 
     </span>
     <span class='ocr_line' id='line_1_42' title="bbox 63 4418 800 4494; baseline 0 -18"><span class='ocrx_word' id='word_1_256' title='bbox 63 4418 146 4494; x_wconf 72' lang='lat' dir='ltr'>Dens,</span> <span class='ocrx_word' id='word_1_257' title='bbox 161 4418 223 4478; x_wconf 85' lang='lat' dir='ltr'>Per</span> <span class='ocrx_word' id='word_1_258' title='bbox 236 4418 337 4476; x_wconf 82' lang='lat' dir='ltr'>omnia</span> <span class='ocrx_word' id='word_1_259' title='bbox 350 4418 456 4476; x_wconf 77' lang='lat' dir='ltr'>secula</span> <span class='ocrx_word' id='word_1_260' title='bbox 468 4419 648 4476; x_wconf 76' lang='lat' dir='ltr'>soeculorum.</span> <span class='ocrx_word' id='word_1_261' title='bbox 692 4420 800 4476; x_wconf 88' lang='lat' dir='ltr'>Amen.</span> 
     </span>
    </p>
   </div>
   <div class='ocr_carea' id='block_1_10' title="bbox 0 0 1422 4920">
    <p class='ocr_par' dir='ltr' id='par_1_18' title="bbox 0 0 1422 4920">
     <span class='ocr_line' id='line_1_43' title="bbox 0 0 1422 4920; baseline 0 0"><span class='ocrx_word' id='word_1_262' title='bbox 0 0 1422 4920; x_wconf 95' lang='lat' dir='ltr'> </span> 
     </span>
    </p>
   </div>
  </div>
 </body>
</html>
