2806 4920
148 313 216 374 ⁴202
291 309 432 373 Setbbuto
455 309 622 390 eretttuor
646 309 848 395 Temperiem
868 309 997 374 tilensis
1016 308 1232 396 Septembres.

214 475 397 535 Communio.

213 557 309 614 Aufer
322 577 340 614 e
357 576 405 615 me
425 557 616 634 opprobrium
636 563 667 614 et
688 565 908 634 contemptum:
930 557 1001 634 quie
1020 558 1165 616 mandate
1184 564 1242 616 tun
1259 558 1353 635 exqui-

152 639 218 710 sivi,
234 638 381 695 Domine:
402 657 472 695 nem
486 646 518 696 et
530 638 701 695 testimonie
718 652 769 695 tua
783 639 938 697 meditatio
954 659 1019 697 mee
1032 647 1085 696 est

214 719 454 776 Postcommunio.

213 800 397 871 Quaesumus,
421 800 609 875 omnipotens
634 800 724 861 Deus,
750 809 785 857 ut
811 801 848 858 do
874 800 1020 878 perceptis
1047 801 1226 860 muneribus
1251 801 1353 879 gratiss

144 881 334 951 -exhibentes,
349 880 491 939 beneficis
504 881 622 957 potiora
635 901 794 938 sumsimus
840 882 898 938 Per
911 882 1084 940 Dominum.

490 1104 629 1161 Sensuro
650 1103 821 1172 anmron
842 1103 1024 1162 Tnnronrn.
1058 1095 1062 1103 ’

217 1197 358 1271 Officium.

215 1278 335 1348 Venite,
351 1278 506 1335 adoremus
527 1278 634 1349 Deum,
656 1285 688 1335 et
707 1277 895 1353 procidannrs
914 1285 985 1334 ante
1006 1277 1191 1336 Dominum:
1217 1278 1356 1356 ploremus

153 1368 223 1417 unte
237 1379 304 1416 eum
319 1359 371 1435 qui
384 1359 455 1415 fecit
468 1378 541 1416 nos:
563 1359 634 1434 quia
647 1359 709 1435 ipse
723 1370 768 1415 est
784 1358 932 1415 Dominus
946 1358 1030 1416 Deus
1043 1365 1153 1416 noster.

218 1440 361 1497 I’scbnus.

216 1522 363 1590 Quoniam
378 1517 459 1577 Deus
472 1539 597 1595 magnus
611 1519 776 1577 Dominus:
797 1528 828 1576 et
841 1540 895 1577 rex
908 1540 1032 1597 mugnus
1045 1539 1136 1596 super
1147 1539 1253 1579 onmes
1267 1520 1348 1579 Dem

218 1607 322 1659 (linires
337 1601 495 1673 Orationes,
508 1610 614 1678 praeter
633 1601 766 1657 ultimam
789 1602 852 1657 sinc
873 1602 1021 1659 Dominus
1042 1602 1197 1660 vobiscum
1214 1603 1358 1671 dicuntur,

155 1685 204 1741 sed
218 1703 283 1739 eum
298 1682 430 1739 oremus

218 1763 329 1820 Oratio.

217 1844 413 1919 Omnipotens
432 1843 610 1918 sempiterne
635 1843 725 1913 Dens,
749 1843 801 1919 qui
829 1863 881 1919 per
907 1843 1122 1901 continentiam
1149 1846 1314 1904 salutarem
1335 1858 1362 1903 et

155 1925 326 2001 corporibus
339 1925 465 1982 mederis
475 1936 505 1981 et
519 1924 687 1995 mentibus;
708 1926 892 2000 nmjestutem
906 1932 989 1981 tuem
1009 1926 1186 2001 suppliciter
1199 1946 1363 1997 exer-smus,

157 2016 192 2064 ut
215 2007 265 2083 pie
284 2006 488 2082 jejmruntium
508 2006 713 2080 deprecatione
733 2008 874 2081 placatus,
896 2014 925 2062 ct
948 2007 1106 2081 presentis
1125 2008 1216 2066 nobis
1235 2008 1365 2067 subsidit

157 2089 287 2164 praebcss
301 2094 332 2144 et
346 2087 455 2143 future.
499 2087 557 2144 Per
571 2087 743 2145 Dominum.

224 2172 329 2226 (interes
345 2167 489 2226 Lectiones
503 2188 569 2224 eum
582 2168 646 2224 suis
660 2167 753 2224 titulis
766 2167 910 2242 leputatur.

219 2250 314 2306 Lectio
327 2248 397 2306 libri
411 2248 532 2305 Levitici
545 2249 646 2317 (xxiii.
664 2249 778 2325 :io-32)

218 2330 257 2386 In
271 2329 374 2386 diebus
386 2328 456 2399 illis,
472 2329 602 2386 Locutus
615 2338 660 2386 est
674 2329 822 2385 Dominus
835 2329 872 2385 ud
888 2329 1023 2405 Moysen,
1038 2327 1158 2402 dicens3
1179 2330 1310 2389 Decimo
1322 2333 1368 2390 die

158 2412 266 2468 mensis
287 2411 376 2484 hujus
398 2409 517 2485 septimi
537 2431 626 2484 usque
646 2411 687 2466 od
701 2430 793 2485 usque
807 2410 844 2466 ud
860 2429 1015 2485 vesperum
1035 2409 1226 2470 celebmbitis
1246 2415 1369 2471 sabbate

158 2499 266 2561 vestm,
282 2490 355 2548 dicit
369 2490 516 2547 Dominus
530 2492 723 2566 omnipotens.

222 2572 355 2630 Grudule.

221 2655 377 2730 Dirigstur
390 2653 484 2710 oratio
499 2673 563 2709 mea
577 2653 652 2709 sicut
667 2653 818 2709 incensum
832 2653 864 2708 in
878 2659 1035 2728 conspeetu
1048 2659 1110 2723 tue,
1126 2652 1267 2712 Domine.

166 2736 194 2792 Γ.
224 2735 358 2792 Eleratio
373 2754 513 2791 munuum
529 2753 680 2790 mearum:
704 2734 878 2789 sucrificium
892 2734 1102 2809 vespertinum.

224 2817 335 2874 (trotio.

222 2898 269 2954 Da
296 2898 390 2967 nobis,
415 2916 592 2972 quaesumus
620 2897 806 2970 omnipotens
832 2895 921 2965 Deus,
946 2903 982 2950 ut
1005 2895 1171 2970 jejunando
1196 2905 1252 2954 tna
1276 2901 1374 2975 gistis

160 2981 311 3050 satiemur,
329 2986 360 3043 et
379 2978 555 3034 abstinendo
576 2978 691 3033 cunctis
711 2976 871 3033 efficiamur
891 2976 1026 3033 hostibus
1047 2976 1193 3034 fortiores
1240 2980 1302 3037 Per
1316 2981 1373 3038 Do·

162 3060 277 3116 minum
291 3067 437 3117 nestrum.

223 3141 318 3197 Lectio
333 3140 402 3196 libri
417 3140 538 3196 Iaeoitiei
552 3138 653 3210 (cxiii.
671 3139 789 3213 :to-43).

222 3222 260 3278 In
275 3221 379 3277 diebus
392 3221 461 3289 illis,
478 3220 609 3276 Locutus
623 3227 669 3275 est
683 3220 831 3276 Dominus
844 3219 882 3274 ad
897 3219 1032 3294 Moysen,
1047 3220 1167 3282 dicens:
1189 3223 1374 3290 Quintodec

159 3303 222 3358 imo
236 3302 283 3358 die
298 3302 406 3358 mensis
426 3302 545 3376 septimi
560 3322 649 3374 iisqne
664 3300 705 3356 (αἱ
723 3312 759 3356 ut
772 3300 888 3356 discunt
902 3301 1012 3375 posteri
1026 3303 1118 3358 vestri
1133 3303 1215 3377 quod
1230 3305 1263 3361 in
1277 3306 1374 3362 taber·

163 3383 276 3440 nuculis
290 3383 424 3439 habitere
441 3382 559 3438 fecerim
574 3383 652 3438 filios
667 3382 768 3449 Israel,
779 3401 846 3438 cum
861 3381 1013 3438 educerem
1028 3402 1078 3439 eos
1091 3383 1127 3439 de
1141 3391 1223 3441 term
1234 3385 1372 3462 AEgypti.

163 3466 227 3541 Ego
241 3464 390 3520 Dominus
404 3463 486 3519 Deus
502 3471 607 3519 vester.

227 3543 362 3600 Grudole.

226 3627 379 3682 Protector
392 3632 502 3693 noster,
516 3624 620 3700 aspice,
637 3624 736 3682 Deus:
758 3634 786 3681 ct
802 3625 912 3699 respice
926 3645 1015 3700 snper
1027 3645 1127 3683 servos
1140 3632 1217 3685 tuos.

172 3709 199 3766 Γ.
226 3708 354 3764 Domine
368 3708 450 3763 Deus
465 3706 631 3762 virtutum:
651 3706 760 3762 rxuudi
776 3725 874 3781 prutes
888 3726 1040 3762 servornm
1054 3716 1184 3764 tuorum.

227 3791 359 3845 (iremus
404 3788 513 3844 Oratio.

226 3871 330 3940 Tuere,
342 3889 517 3945 ‹luresnnms
530 3868 666 3936 Domine,
679 3868 822 3924 familiam
834 3878 925 3935 tunm,
936 3876 971 3923 ut
981 3869 1086 3925 solutis
1100 3875 1218 3925 aeternae
1234 3872 1374 3943 remedi&

160 3974 230 4030 quie
245 3961 275 4009 te
289 3952 438 4027 aspirante
452 3949 638 4025 requirimus,
654 3962 684 4006 tc
699 3951 842 4025 largiente
856 3969 1077 4025 consequamur.
1115 3949 1175 4007 Per
1188 3950 1366 4010 Dominum

228 4033 321 4091 Lectio
336 4032 465 4089 dlielueae
479 4031 629 4106 Prophetcc
646 4031 714 4105 (rii.
733 4032 779 4098 14,
797 4032 843 4099 lo,
861 4031 973 4105 18-20).

227 4115 355 4172 Domine
369 4114 452 4169 Deus
465 4122 574 4184 noster,
588 4133 671 4187 posce
685 4112 826 4187 populum
841 4123 926 4167 tuum
941 4113 972 4167 in
986 4112 1071 4187 virga
1085 4117 1138 4168 tus
1151 4131 1245 4187 usqroe
1254 4115 1296 4172 od
1310 4134 1378 4192 quse

162 4197 273 4271 jurasti
286 4195 420 4271 patribus
433 4194 543 4251 nostris
556 4214 574 4250 a
588 4193 691 4250 dicbus
704 4193 844 4268 antiquis,
861 4193 988 4249 Domine
1003 4192 1084 4249 Deus
1094 4200 1202 4252 noster.

230 4276 363 4333 Grodole.

229 4358 381 4433 Propitius
402 4365 473 4424 esto,
494 4355 630 4415 Domine.
655 4356 781 4431 peccatis
805 4355 932 4413 nostris:
964 4355 1120 4431 nequando
1141 4355 1246 4415 dicunt
1265 4372 1380 4435 gentes,

171 4436 233 4495 Ubi
250 4447 293 4495 est
310 4439 391 4496 Deus
405 4439 525 4495 eorumt
