2806 4920
154 339 173 399 6
271 379 275 387 ·
362 332 465 399 Ferte
485 332 528 399 io.
554 331 720 414 Quattuor
743 333 947 418 Teorporum
967 331 1152 399 Adventus.

216 501 407 575 Offertorium.

211 582 405 653 Benedixisti,
428 581 565 652 Domine,
588 587 699 640 terram
721 587 824 640 trram:
855 581 990 640 avertisti
1013 580 1220 659 captivitatem
1240 582 1354 643 Jacob:

152 664 291 722 remisisti
305 663 495 740 iniquitatem
508 662 602 740 plebis
614 669 683 722 tuse.
1163 710 1166 717 .

212 744 333 803 secreta.

211 824 389 884 Devctionis
400 830 508 883 nostrae
522 824 588 897 tibi,
603 824 741 895 Domine,
752 844 927 902 quaesumus,
938 824 1036 883 hostie
1044 824 1160 903 jugiter
1172 825 1350 898 immoletur,

150 927 216 984 quae
238 914 269 965 et
290 906 365 964 sacri
384 912 507 983 peraget
527 905 669 964 instituto
689 907 832 983 mysterii,
855 913 887 965 et
907 906 1036 964 salutare
1056 911 1144 964 tuum
1162 907 1252 965 nobis
1272 909 1352 965 mira·

150 987 253 1046 biliter
265 993 411 1064 operetur.
454 988 513 1045 Per
526 987 698 1045 Dominum.

212 1068 354 1143 Praefutio
374 1069 556 1145 quotidiano.

210 1148 393 1208 Communes.
448 1148 568 1207 Dicite:
596 1149 805 1208 Pusillnnimee
827 1148 1044 1223 confortamini,
1059 1155 1092 1208 et
1113 1149 1209 1209 nolite
1229 1150 1351 1219 timere;

151 1230 227 1288 Ecce
249 1231 331 1289 Deus
351 1237 452 1289 noster
471 1231 579 1299 veniet,
601 1237 632 1288 et
652 1230 779 1288 salvabit
799 1250 860 1289 nos

211 1312 450 1371 Postcommum'o.
508 1310 715 1387 Imploramus,
738 1311 876 1384 Domine,
900 1312 1088 1370 clementiam
1114 1316 1208 1383 tuam,
1231 1319 1269 1371 ut
1294 1312 1350 1369 haee

150 1392 252 1450 divina
268 1393 382 1468 judicia
398 1413 417 1451 a
437 1391 521 1449 vitiis
542 1392 676 1469 expiatos
697 1392 736 1450 ad
759 1393 835 1451 fests
856 1398 983 1451 venture.
1004 1412 1058 1451 nos
1079 1399 1256 1471 preparent.
1298 1392 1350 1451 Per

152 1473 323 1532 Dominum.

434 1665 534 1723 Fama
554 1680 678 1734 eurum
698 1667 868 1736 Qusmuos
891 1667 1073 1727 Taurorum

213 1809 353 1884 Officium

160 1902 162 1906 “
212 1891 332 1963 Rorete,
346 1890 417 1963 eseli,
433 1890 566 1969 desuper,
592 1897 623 1949 et
641 1891 736 1949 nubes
755 1890 862 1968 pluant
877 1890 1012 1967 justum:
1043 1889 1195 1968 aperiatur
1216 1896 1305 1965 terrm
1325 1899 1352 1950 et

150 1973 297 2049 germinet
318 1972 508 2031 salvatorem

213 2054 357 2111 Psalmus.

212 2135 255 2192 Et
269 2134 391 2210 justitie
404 2135 518 2191 oriatur
530 2133 639 2191 simul:
659 2153 712 2210 ego
728 2133 875 2192 Dominus
888 2133 984 2191 creavi
998 2153 1074 2193 eum

212 2215 350 2289 Sequitur
365 2213 466 2273 Oretro
479 2215 541 2274 cirre
555 2214 702 2272 Dominus
715 2216 875 2288 vobiscum,
890 2216 939 2274 sed
954 2224 1070 2272 tontum
1082 2234 1149 2273 mom
1162 2213 1298 2275 Oremus

214 2295 324 2354 Oratio.

213 2374 333 2449 Paesto,
354 2395 529 2452 quaesumus,
551 2375 737 2453 omnipotens
759 2377 849 2449 Deus,
872 2382 908 2434 ut
929 2376 1139 2454 redemptionis
1160 2384 1271 2435 nostrse
1292 2398 1354 2436 ren-

47 2492 50 2497 ‚
153 2463 221 2513 tura
241 2456 423 2514 sollemnitas
444 2462 475 2515 et
501 2458 653 2533 proesentis
679 2457 764 2514 nobis
786 2459 856 2514 vitre
878 2458 1008 2515 subsidia
1029 2458 1171 2530 conferat,
1188 2464 1220 2516 et
1241 2466 1354 2517 uterne

152 2537 348 2594 beatitudinis
361 2538 483 2614 prremie
496 2538 646 2615 largiatur.
689 2538 749 2596 Per
762 2538 935 2596 Dominum.

214 2619 310 2676 Lectio
323 2619 422 2676 Esaiae
435 2619 585 2695 Prmrletu
598 2619 647 2695 (ii.
665 2620 741 2697 2-5)

214 2700 252 2757 In
275 2700 378 2758 diebus
399 2699 467 2774 illis,
491 2699 581 2757 Dixit
602 2700 704 2758 Esaias
726 2701 890 2777 propheta:
919 2700 988 2757 Erit
1008 2700 1040 2757 in
1060 2700 1228 2759 novissimis
1256 2702 1355 2760 diebus

152 2801 240 2856 resque
255 2783 296 2838 ud
308 2782 493 2840 ambulemus
506 2782 539 2840 iu
553 2782 665 2840 lumine
679 2783 803 2840 Domini
817 2781 876 2838 Dei
889 2781 991 2839 nostri.

214 2862 347 2920 Credat...

213 2944 321 3001 Tollite
342 2951 450 3021 portas,
470 2944 625 3021 principes,
639 2949 752 3002 vestras
764 2963 774 3016 3
803 2952 834 3000 et
858 2942 1014 3000 elevamini
1036 2948 1128 3019 portae
1151 2944 1315 3016 aeternales,
1327 2952 1354 3001 et

152 3023 289 3081 introibit
311 3044 365 3082 rex
386 3025 493 3101 gloriru.

222 3104 329 3163 Versus.
374 3106 447 3174 Quis
459 3105 596 3163 ascendet
610 3105 642 3162 in
655 3109 788 3161 montem
802 3103 944 3162 Domini:
974 3110 1026 3162 aut
1048 3105 1114 3181 quis
1132 3105 1226 3164 stabit
1243 3106 1278 3164 in
1297 3107 1356 3165 loco

153 3191 253 3242 sancto
268 3185 349 3261 ejus:
371 3185 511 3242 innocens
521 3185 657 3242 menibus
671 3191 702 3242 et
714 3185 825 3242 mundo
839 3185 933 3243 cordo.

213 3266 248 3322 H
248 3266 273 3323 ic
285 3286 345 3323 reon
358 3274 504 3341 repetetur
519 3264 652 3336 Grorlale,
667 3266 717 3323 sed
732 3266 894 3324 irremediote
911 3267 1011 3324 elutior
1024 3277 1162 3341 sequetur
1173 3291 1183 3327 .·
1212 3267 1357 3327 Dominus

152 3347 311 3404 vobiscum.
364 3347 405 3403 Et
428 3347 479 3404 hoc
502 3346 661 3405 observetur
678 3367 734 3422 per
761 3356 852 3404 toturn
878 3367 1001 3420 (tererem,
1025 3349 1102 3422 proed
1127 3348 1269 3407 Grudelis
1294 3359 1357 3426 post

154 3428 313 3486 Lectionum
327 3428 443 3486 (licendi
455 3428 490 3484 iu
503 3427 599 3486 Feriis
614 3428 758 3499 Qroottuor
772 3429 946 3504 Temperare
959 3448 1019 3486 reon
1031 3431 1071 3503 fit
1085 3429 1222 3504 repetitio.

214 3509 347 3566 Orcnrus

216 3589 325 3648 Oratio.

214 3671 343 3740 Festina,
373 3689 548 3746 qrueesumus,
577 3671 712 3741 Domine,
740 3691 779 3730 ne
813 3672 1001 3730 taulareris:
1041 3677 1072 3727 et
1098 3672 1246 3729 similium
1275 3674 1358 3731 nobis

152 3771 286 3828 superruo
300 3752 422 3809 virtutis
435 3751 591 3828 impende:
612 3759 648 3810 ut
661 3753 806 3810 adventus
827 3753 873 3810 tui
893 3752 1141 3810 consolationibus
1155 3753 1356 3825 subleventur,

152 3834 204 3909 qui
218 3835 250 3889 in
264 3840 317 3889 tue
335 3833 445 3909 pietate
463 3833 623 3890 confidunt.
675 3833 735 3904 Qui
758 3834 835 3891 rivis
858 3841 888 3891 et
910 3853 1015 3912 regnos
1036 3853 1104 3891 cum
1127 3834 1192 3891 Deo
1216 3834 1306 3893 Putre
1326 3837 1357 3893 in

153 3914 268 3970 imitate
282 3914 410 3988 Spiritus
425 3914 525 3971 Sancti
539 3914 628 3972 Deus
671 3916 780 3973 Amem

214 3996 273 4051 Ilio
287 3995 426 4051 diruuntur
439 3995 583 4053 orreruorr'ru
597 4004 741 4053 euroaustro.

214 4076 309 4133 Lectio
324 4076 422 4132 Esoioe
435 4075 585 4152 Prophetes
598 4076 664 4152 (rii.
683 4075 796 4153 10-15).

212 4157 250 4214 Iu
271 4157 374 4214 diebus
394 4157 462 4229 illis,
478 4157 608 4214 Iocutus
630 4164 674 4214 est
696 4158 844 4215 Dominus
865 4157 903 4215 ad
925 4157 1035 4229 Achae,
1058 4157 1177 4216 dicens:
1204 4157 1280 4217 Pete
1301 4160 1358 4218 tibi

151 4237 268 4314 signum
282 4258 372 4313 vespere
385 4239 426 4295 ort
439 4245 475 4294 nt
487 4238 562 4295 sciat
575 4239 731 4314 reprobare
745 4239 863 4309 malum,
878 4246 909 4296 et
922 4238 1030 4317 eligere
1043 4239 1162 4297 bonum.

214 4318 347 4377 Garulule.

212 4399 308 4478 Prope
330 4406 376 4458 est
396 4400 544 4457 Dominus
567 4399 704 4458 omnibus
724 4400 931 4459 invocantibus
951 4420 1043 4459 eum:
1079 4400 1217 4459 omnibus
1236 4402 1291 4479 qui
1313 4402 1358 4460 in-

151 4488 258 4537 vocant
272 4501 340 4539 eum
354 4483 386 4539 in
400 4482 534 4540 veritate.
