2806 4920
436 360 539 426 Faria
560 359 604 427 io.
622 367 699 447 poet
719 361 939 428 Pentecosten.
965 332 967 336 Α
1224 366 1285 429 169

147 526 402 680 Dlddctgllisnddisss,
417 626 591 686 quesumus,
607 607 744 682 Domine,
760 608 890 688 Spiritus
910 608 1035 668 Sanotru
1049 609 1159 668 divinis
1172 615 1288 687 reparet

82 688 286 761 sacramentis,
300 689 369 764 quia
382 690 445 766 ipse
458 696 504 748 est
516 690 648 748 remissio
658 691 790 748 omnium
804 696 997 768 peccatorum
1041 690 1100 748 Per
1113 690 1286 749 Dominum.

84 769 125 827 In
140 769 257 828 unitate
270 769 408 847 ejusdam.

368 969 468 1029 Fessa
492 971 622 1042 Quaere
642 971 813 1042 Quamuoa
833 972 1016 1033 Tnueoauu.

150 1050 290 1127 Officium

146 1131 237 1205 Deus,
251 1133 323 1190 dum
343 1132 520 1210 egredereris
539 1152 637 1191 coram
656 1133 765 1211 populo
781 1141 842 1207 tuo,
857 1133 1003 1212 alleluya:
1023 1133 1082 1192 iter
1102 1134 1212 1193 faciens
1235 1134 1287 1208 eis,

81 1211 235 1289 alleluya:
258 1213 396 1272 habitans
405 1214 437 1271 in
451 1214 519 1287 illis,
534 1214 668 1292 alleluya,
684 1215 818 1292 alleluya

146 1294 195 1352 Pa
239 1294 389 1373 Exsurgut
413 1295 502 1367 Deus,
523 1302 554 1354 et
576 1295 756 1373 dissipentur
778 1295 891 1354 inimici
915 1296 1001 1373 ejus:
1035 1301 1066 1354 et
1092 1295 1211 1372 fugiant
1234 1296 1287 1372 qui

83 1373 215 1433 oderunt
228 1395 295 1434 eum
309 1395 328 1433 a
340 1376 414 1434 facie
428 1377 497 1454 ejus.

146 1455 251 1532 Kyria
295 1456 386 1515 Pater
398 1465 512 1515 cuncta

146 1534 256 1595 Statim
268 1547 407 1614 amtor
420 1537 522 1596 Gloria
535 1538 569 1596 in
581 1537 711 1596 excelsis.

147 1617 218 1677 Noa
230 1618 341 1677 dicitur
354 1618 500 1678 Dominus
513 1619 672 1693 vobiscum,
687 1618 737 1678 aad
749 1627 865 1678 uratum
879 1619 1013 1678 Oramus.

148 1697 258 1758 Oratio.

146 1778 266 1852 Prasia,
282 1799 458 1856 quesumus,
474 1780 612 1852 Domine,
626 1787 662 1839 ut
679 1801 697 1839 a
714 1781 823 1839 nostris
840 1781 989 1839 mentibus
1007 1780 1136 1839 carnales
1149 1788 1286 1839 amoveat

82 1859 216 1936 Spiritus
234 1860 359 1919 Sanctus
379 1861 510 1935 affectus,
531 1868 562 1919 et
583 1862 750 1939 spiritualia
770 1863 856 1920 nobis
877 1863 955 1920 dona
976 1868 1113 1939 potenter
1136 1861 1283 1920 infundat.

81 1941 146 1998 Per
159 1941 330 2000 Dominum.
372 1942 411 1999 In
425 1941 541 2000 unitate
554 1942 693 2020 ejusdem.

147 2020 245 2080 lectio
257 2023 320 2080 sine
334 2022 419 2080 tuot>
432 2022 551 2098 loyotnr.

147 2101 243 2161 Lectio
256 2102 326 2162 tori
337 2103 495 2179 Sapientia
507 2105 547 2180 (i.
565 2103 640 2181 1-7).

145 2183 186 2239 In
199 2183 301 2242 diebus
323 2184 390 2257 illia
407 2184 497 2241 Dixit
516 2184 656 2243 Solomon
676 2185 745 2243 tiliis
762 2185 863 2258 Israel,
885 2185 1010 2265 Diligite
1024 2184 1176 2262 justitiam
1196 2202 1287 2260 usqua

79 2263 126 2320 ud
138 2264 290 2322 scientiam
304 2264 394 2322 habet
406 2265 493 2323 vocis

144 2343 293 2422 Alleluya
343 2345 372 2405 V.
397 2345 517 2420 Emitte,
532 2356 567 2404 ut
579 2366 679 2423 cupro.

146 2424 294 2484 Dominus
307 2426 466 2485 vobiscum.
510 2427 642 2486 Oramus

145 2506 255 2564 Oroto'o.
823 2575 824 2578 Ἴ

146 2587 266 2660 Praesta,
279 2607 455 2666 quaeamus,
468 2589 652 2667 omnipotens
662 2597 692 2647 ct
703 2590 864 2648 misericors
875 2590 965 2662 Deus,
977 2596 1013 2649 ut
1021 2589 1146 2648 Sanctus
1157 2588 1287 2666 Spiritus

78 2666 243 2726 adveniens
256 2668 399 2746 templum
413 2688 467 2727 nos
479 2670 579 2748 gloriae
592 2689 652 2728 suae
666 2670 822 2749 dignanter
838 2670 1032 2729 inhabitando
1047 2671 1184 2747 perficiat.
1228 2669 1287 2727 Per

81 2748 256 2807 Dominum.
297 2750 337 2808 In
350 2751 466 2809 unitate
480 2751 609 2828 ejusdem
622 2751 711 2809 Deus.

144 2830 241 2888 Lectio
254 2829 383 2889 Actorum
396 2832 599 2908 Apostolorum
612 2832 629 2910 (
629 2832 660 2890 ii.
679 2832 792 2909 14-21)

146 2910 186 2968 In
206 2911 310 2970 diebus
329 2912 408 2984 illus,
422 2912 511 2971 Stans
531 2912 639 2972 Petrus
652 2932 719 2971 oum
739 2912 877 2972 undecim
890 2911 1019 2970 elevavit
1032 2932 1132 2970 vocem
1146 2932 1237 2984 suam,
1254 2919 1285 2970 et

81 2993 201 3050 locutus
225 2998 270 3051 est
294 2993 354 3066 eis3
382 2992 453 3051 Vin·
475 2993 498 3052 J
498 2993 576 3052 udaei
596 3013 687 3069 usque
711 2995 751 3052 acl
775 2994 942 3070 quicunque
969 2994 1151 3051 invocaverit
1179 3013 1285 3052 nomen

81 3072 209 3131 Domini
221 3073 320 3131 salvus
332 3074 396 3132 erit.

146 3153 294 3230 Alleluya.
344 3154 372 3213 V.
398 3155 611 3233 Loquebantur
623 3155 714 3214 variis
727 3154 837 3234 linguis
850 3155 990 3233 Apostoli
1004 3155 1151 3232 magnalia
1164 3155 1229 3215 Dei.

143 3235 304 3311 Repetotur
316 3235 444 3313 alleluya
456 3237 518 3296 aiae
525 3245 690 3314 pacemne

142 3325 306 3403 Sequerrtio.

186 3407 275 3481 Veni,
292 3409 420 3487 Spiritus
433 3417 611 3469 aeternorum
625 3410 710 3484 alme,

186 3488 305 3548 Montes
317 3497 437 3548 tuorum
450 3491 540 3550 visita
549 3492 681 3569 jacentes
695 3511 786 3568 aegras
799 3491 938 3550 moribus.

185 3570 283 3648 Imple
296 3590 422 3647 superna
434 3572 531 3649 gratia
544 3592 609 3649 qua
623 3582 658 3630 tu
671 3573 777 3630 creasti
790 3580 916 3649 pectora

186 3650 246 3720 Qui
259 3650 396 3709 altissimi
406 3653 517 3710 donum
531 3653 589 3711 Dei
602 3653 716 3725 diceris,
728 3653 795 3710 fons
808 3660 976 3730 perpetuus,
990 3653 1159 3729 principalis
1173 3655 1282 3711 unctio.

185 3731 232 3789 Tu
245 3732 421 3809 promissum
435 3733 534 3792 Patris
547 3733 760 3812 omnipotentis
774 3753 881 3792 munus
896 3754 957 3792 esse
970 3734 1103 3791 crederis.

185 3812 345 3890 Apostolos
359 3819 393 3872 tu
406 3813 516 3891 linguis
529 3814 693 3872 fundavisti
707 3820 823 3873 sanctos
836 3815 937 3892 igneis.

187 3893 302 3953 Lumen
315 3893 351 3952 de
364 3901 396 3953 te
409 3895 545 3953 cordibus
559 3895 682 3954 infunde
696 3915 832 3973 perenne,
847 3896 967 3953 firmans
981 3895 1107 3953 miseros.

186 3973 299 4034 Verum
314 3976 387 4034 affer
399 3995 538 4048 amorem,
551 3995 733 4054 muneraque
746 3976 878 4034 caritatis
891 3977 1026 4054 plurima

185 4055 314 4114 Hostem
327 4056 439 4134 depelle
453 4057 597 4129 invidum,
614 4057 652 4115 da
664 4057 777 4134 pertrui
791 4075 861 4134 pace
874 4077 1006 4134 superna.

183 4136 233 4195 Sic
246 4136 320 4195 duce
333 4143 364 4195 te
377 4138 486 4215 praevio
499 4138 649 4196 valeamus
662 4137 800 4196 scandere
813 4138 850 4196 ad
864 4137 989 4196 aetherea
1002 4157 1139 4195 convexa.

142 4242 310 4302 §madum
322 4242 488 4303 Jotoaoem
504 4246 560 4321 (oi.
577 4246 692 4323 4452)

142 4324 181 4382 In
199 4323 253 4382 illo
270 4329 410 4402 tempore,
424 4325 513 4383 Dixit
530 4325 552 4383 J
553 4346 618 4383 esus
632 4325 782 4402 discipulis
801 4324 879 4396 suis;
901 4325 998 4382 Nemo
1015 4330 1112 4401 potest
1126 4323 1227 4380 venire
1244 4324 1281 4380 ad

80 4404 214 4546 ppanim
227 4403 421 4482 Patareaque
433 4407 475 4464 od
488 4411 518 4464 et
531 4407 617 4483 panis
630 4426 716 4483 quem
732 4426 786 4484 ego
800 4405 884 4475 dabo,
896 4424 962 4463 caro
976 4424 1041 4464 mea
1054 4412 1098 4462 est
1111 4423 1164 4481 pro
1177 4405 1282 4461 mundi
