2804 4920
538 295 634 362 Foeta
648 294 725 360 Jeu
730 294 752 360 i.

187 506 225 564 Iu
247 511 443 564 rusmvrrar'u
463 506 675 565 V1s1rir1ou1s
696 522 802 564 ruera
821 505 969 564 Vinenus
991 505 1115 563 Maura„

527 603 577 677 (vi.
594 604 673 662 Non.
689 603 711 661 J
713 602 766 680 ul.)

109 700 252 774 Officium.
296 700 490 758 Gaudeamus.

106 781 255 839 Ptol-maa
298 782 424 840 Cantate
438 782 576 840 Domino.

108 861 220 920 Oratio.

106 943 304 1020 Omnipotens
324 944 500 1020 sempiterne
521 944 611 1016 Deus,
632 945 684 1021 qui
707 964 744 1001 ex
767 942 952 1000 abundantia
976 941 1108 1000 caritatis
1132 942 1249 1000 beatam

64 1022 177 1081 [ariam
198 1031 250 1081 tuo
272 1024 350 1081 Filio
369 1025 584 1102 impregnatam
605 1025 642 1082 ad
663 1025 873 1082 salutationem
898 1022 1052 1081 Elizabeth
1074 1023 1246 1100 inspirasti3

64 1112 162 1173 nasta,
184 1125 360 1181 quarsumus,
375 1114 410 1163 ut
423 1126 475 1181 per
493 1105 556 1182 ejus
571 1106 771 1163 visitationem
784 1106 869 1163 donis
890 1105 1053 1162 caelestibus
1074 1104 1246 1182 repleamur,

64 1204 71 1243 ι
86 1186 129 1244 ab
143 1187 280 1243 omnibus
294 1186 522 1244 adversitatibus
536 1206 681 1244 eruamur.
724 1187 789 1244 Per.
857 1260 860 1266 ἦ

104 1267 203 1325 Lectio
217 1267 301 1324 Libri
313 1267 471 1342 &spientim
484 1267 694 1342 (Contionum
707 1268 738 1324 ii.
756 1266 846 1341 8-14)

106 1348 185 1406 Face
199 1348 254 1405 iate
268 1350 352 1405 venit
365 1348 472 1405 saliens
486 1369 576 1423 itaquo
590 1351 630 1406 oct
644 1356 674 1406 et
688 1349 775 1406 facies
789 1355 842 1404 tua
855 1347 966 1405 decora.

107 1428 243 1487 Crudele.
287 1429 448 1486 Benedicta
462 1437 493 1487 et
506 1431 689 1487 venerabilis.

64 1508 76 1566 '.
107 1509 205 1585 Virgo
219 1509 277 1567 Dei
289 1510 432 1586 genetrix.

104 1589 255 1666 Alleluya
300 1591 352 1648 ’12
383 1591 455 1667 Spes
479 1590 568 1648 datur
591 1591 673 1649 omni
696 1591 805 1668 populo
829 1589 958 1647 Mariam
973 1589 1115 1658 invocare,
1132 1588 1246 1647 videnti

64 1691 121 1729 nne
135 1671 290 1728 Elizabeth
304 1671 458 1728 humiliter
470 1672 600 1732 visitare.

103 1752 166 1810 Per
180 1752 309 1811 Octavoa

103 1833 255 1907 Alleluya.
298 1833 352 1891 W.
375 1833 414 1890 Iu
435 1833 534 1891 Maria
550 1834 717 1910 benignitas
731 1853 783 1910 per
796 1832 902 1891 saeeula
915 1830 1153 1891 commendatur:
1174 1832 1246 1890 dum

64 1915 170 1972 irritans
184 1914 337 1972 Elizabeth
351 1925 387 1972 ut
399 1915 518 1972 subdita
531 1916 696 1992 parabatur.

102 2007 269 2083 Sequentia.

392 2088 474 2146 Veni
487 2089 624 2165 praecelsa
638 2088 776 2159 Domina,

431 2169 538 2240 Maria,
553 2176 588 2226 tu
602 2189 655 2225 nos
668 2170 775 2241 visita3

430 2251 539 2327 AEgma
552 2257 666 2307 mentes
680 2250 817 2308 illumina

430 2331 489 2388 Per
501 2351 583 2389 saera
597 2331 666 2388 vitae
680 2331 810 2388 numina

390 2423 479 2495 Veni,
495 2424 638 2481 salvatrix
651 2423 759 2494 saculi,

429 2505 535 2562 Sordes
548 2505 632 2562 aufer
645 2505 769 2581 piaculi3

429 2585 467 2642 In
482 2586 630 2642 visitando
644 2585 787 2662 populum

429 2666 526 2723 Paerroe
541 2666 628 2724 tollas
643 2667 813 2742 perieulum.

387 2758 468 2816 Veni
483 2761 583 2836 regina
595 2761 739 2837 gentium,

428 2841 502 2898 Delo
516 2841 648 2897 flammas
661 2846 796 2898 reatuum
808 2860 816 2911 ;

428 2921 509 2997 Rege
524 2921 716 2997 quodcunque
730 2921 849 2978 devium
862 2940 870 2992 3

427 3002 475 3059 Du
489 3003 582 3059 vitam
597 3002 808 3060 innocentium.

385 3094 476 3166 Veni,
489 3102 524 3152 ut
538 3115 628 3152 anum
643 3094 745 3152 visites
757 3114 766 3167 ;

405 3176 529 3247 †Maria‚
544 3177 622 3234 vires
636 3177 754 3232 robores

425 3255 551 3314 Virtute
564 3257 639 3314 sacri
653 3257 790 3333 impetun,

425 3336 473 3395 Ne
487 3337 647 3395 fluctuetur
660 3337 807 3401 animus.†

385 3430 473 3503 Veni,
489 3431 575 3487 stella
589 3431 641 3487 lux
656 3429 791 3500 marium,

425 3511 554 3569 Infunde
568 3512 646 3588 pacis
660 3511 785 3581 radium,

426 3592 565 3649 Exsultet
579 3612 628 3649 cor
641 3592 672 3648 in
687 3593 827 3667 gaudium

424 3672 445 3729 J
447 3673 571 3730 ohannis
585 3679 655 3730 ante
670 3672 840 3729 Dominum.

384 3765 474 3836 Veni,
489 3767 573 3842 virga
587 3766 738 3843 regalium,

425 3847 528 3904 Reduc
542 3847 649 3904 fluctus
662 3846 824 3904 errantium

424 3928 476 3985 Ad
490 3928 637 3986 unitatem
650 3927 727 3997 fidei,

425 4008 464 4066 In
478 4029 537 4085 qua
550 4009 704 4066 salvantur
717 4007 814 4066 calici.

159 4172 170 4196 '
187 4171 420 4231 mantechingen
431 4173 497 4218 those
508 4178 557 4218 tvvo
573 4187 660 4219 verser.

159 4246 171 4306 †
186 4245 255 4293 York
266 4246 318 4293 MS.
330 4247 414 4293 Miseni
426 4247 450 4292 in
461 4249 501 4293 tto
510 4247 614 4306 Library
625 4249 650 4293 of
659 4247 750 4307 Sidney
761 4248 853 4294 sussex
865 4248 970 4307 Collega,
981 4248 1124 4308 Cambridge
1134 4267 1171 4296 :—

480 4319 564 4375 Maria,
575 4320 639 4364 vires
648 4319 753 4374 roborea,

481 4379 579 4423 Virtute
590 4380 651 4425 sacri
663 4379 767 4437 impetus

481 4437 642 4483 Influetuotur
653 4439 754 4483 animun
