2804 4920
462 304 566 373 Ferte
579 326 609 371 u.
625 304 668 371 iu
683 304 737 371 die
754 305 857 371 ease.
1219 309 1262 374 89

117 469 192 529 Non
212 470 342 531 declines
363 491 532 531 cormeum
552 471 586 530 in
603 471 695 531 verba
715 471 855 530 malitia:
884 471 923 530 ad
944 471 1126 531 excusandas
1147 491 1265 532 excuse·

51 551 154 611 tiones
165 551 206 610 -in
226 553 362 630 peccatis.

52 713 84 772 el
118 632 196 691 (lum
208 633 379 692 bominibus
395 635 588 712 operantibus
604 633 813 712 iniquitatem:
834 640 866 693 et
881 653 944 692 non
961 634 1183 693 communicabo
1196 654 1264 694 cum

85 715 157 772 cotis
171 733 282 774 eorum

117 795 268 873 Corripiet
280 815 328 855 me
343 797 446 873 justus
458 796 492 854 in
509 795 717 869 misericordia,
733 801 764 854 et
782 795 948 874 increpabit
961 816 1026 856 me:
1047 797 1145 855 oleum
1164 804 1264 856 eutem

53 876 220 954 peccatoris
232 897 294 936 non
306 877 475 955 impinguet
487 886 577 955 eaput
591 897 699 936 meum.

118 958 267 1027 Quoniam
284 958 381 1017 adhuc
399 967 431 1017 et
447 959 543 1017 oratio
562 978 628 1017 mea
645 960 678 1016 in
697 957 888 1034 beneplacitis
901 977 1022 1018 eorum:
1041 959 1175 1036 absorpti
1192 965 1264 1018 sunt

48 1038 153 1115 juncti
167 1045 259 1116 petrae
268 1040 385 1117 judiees
397 1059 509 1100 eorum.

116 1120 255 1179 Audient
276 1120 368 1179 verba
394 1140 468 1194 mea,
498 1120 639 1198 quoniam
665 1124 848 1198 potuerunt:
882 1119 959 1179 deut
985 1120 1149 1179 crassitudo
1176 1126 1263 1180 terrae

54 1207 164 1277 erupta
178 1205 223 1259 eet
236 1220 327 1279 super.
337 1208 456 1260 terram.

117 1280 271 1359 Dissipata
293 1289 364 1340 sunt
386 1302 452 1341 ossa
474 1288 576 1341 nostra
599 1301 682 1341 secus
704 1282 874 1343 infernum:
905 1281 976 1359 quia
997 1283 1036 1341 ad
1056 1287 1097 1354 te,
1122 1283 1261 1357 Domine,

55 1361 195 1435 Domine,
210 1363 289 1422 oculi
303 1364 381 1436 mei3
401 1363 434 1421 in
449 1371 479 1422 te
492 1364 617 1441 speravi,
631 1382 693 1421 non
705 1363 821 1421 auferas
834 1364 965 1421 animam
979 1383 1083 1422 meam.

116 1442 244 1502 Custodi
256 1463 304 1502 me
318 1445 354 1503 de
368 1444 483 1522 laqueo,
498 1465 588 1522 quem
601 1450 774 1503 statuerunt
787 1444 863 1502 mihi
874 1465 881 1503 ε
902 1451 933 1503 at
946 1465 965 1503 a
978 1444 1124 1504 scandelm
1140 1464 1263 1522 operan-

54 1523 134 1582 tium
147 1525 347 1602 iniquitatem

116 1604 234 1664 Cadent
260 1606 293 1665 in
319 1607 463 1666 retiaculo
487 1608 551 1685 ejus
574 1612 760 1686 peccatores:
791 1606 983 1684 singulariter
1004 1626 1072 1665 sum
1093 1626 1155 1685 ego,
1170 1607 1264 1666 donec

55 1692 214 1745 transeam

114 1784 298 1862 Antiphone.
339 1773 344 1783 ¹

116 1864 242 1924 Custodi
261 1886 310 1925 me
326 1866 363 1926 de
376 1866 490 1944 laqueo,
506 1885 595 1944 quem
608 1871 780 1925 statuerunt
797 1865 891 1926 mihi:
911 1872 942 1924 et
955 1887 974 1925 a
986 1866 1131 1925 scandalis
1144 1886 1264 1945 operan-

59 1944 132 2004 tium
146 1947 348 2024 iniquitatem.

115 2044 257 2103 Peulmm
270 2044 352 2124 (cela
368 2043 490 2123 (142)).

117 2124 201 2184 Voce
215 2145 281 2185 mea
293 2126 332 2185 ad
345 2126 509 2184 Dominum
523 2125 667 2185 clamavi:
686 2145 758 2186 voce
775 2146 841 2185 mee
857 2126 895 2185 ad
910 2125 1074 2185 Dominum
1091 2127 1263 2203 deprecatus

63 2222 248 2347 sumllffundo
260 2288 294 2346 in
307 2294 466 2365 conspectu
480 2288 544 2366 ejus
557 2288 722 2347 orationem
737 2308 852 2348 meam:
872 2295 904 2347 et
920 2288 1145 2348 tribulationem
1165 2308 1262 2347 meam
1360 2356 1363 2363 ,

67 2373 126 2426 uu
137 2368 236 2446 ipsum
249 2371 420 2447 pronuntio.
473 2382 475 2386 ⁴

117 2467 156 2526 In
169 2467 332 2528 deficiendo
345 2489 385 2528 ex
398 2489 446 2528 me
459 2470 600 2547 spiritum
609 2489 708 2528 meum
722 2490 729 2528 ι
752 2476 783 2528 et
796 2475 832 2528 tu
841 2469 1007 2548 cognovisti
1019 2468 1139 2528 semitas
1151 2489 1239 2528 meaa

118 2549 156 2607 In
168 2550 220 2607 via
232 2549 288 2608 hac
301 2570 361 2627 qua
373 2551 580 2609 ambulabam:
600 2551 818 2609 absconderunt
832 2551 971 2627 laqueum
983 2551 1066 2608 mihi.

118 2629 348 2690 Considerabem
360 2632 399 2690 ad
412 2633 574 2705 dexteram,
590 2638 622 2690 et
634 2632 790 2690 videbam:
811 2639 842 2690 et
856 2652 917 2689 non
930 2638 995 2689 erat
1008 2631 1061 2708 qui
1074 2637 1262 2709 cognosceret

65 2721 213 2851 fflbPeffit
226 2794 299 2871 fuga
311 2813 330 2851 a
342 2813 407 2853 me:
428 2800 459 2852 et
473 2813 533 2853 non
547 2800 593 2852 est
606 2793 659 2872 qui
673 2793 806 2869 requirat
818 2793 950 2850 animam
963 2811 1066 2850 meam

120 2885 253 2944 Olamavi
266 2887 304 2945 ad
318 2893 359 2962 te,
374 2887 512 2961 Domine,
527 2887 611 2946 dixi:
632 2887 679 2945 Tu
696 2906 727 2944 es
745 2904 812 2963 spes
828 2904 911 2943 mee:
931 2885 1030 2963 postio
1046 2903 1114 2942 mee
1130 2884 1163 2942 in
1180 2890 1262 2943 terra
1368 2933 1372 2943 ,

52 2967 232 3026 viventium.

119 3046 246 3107 Intende
259 3049 297 3106 ad
311 3048 546 3126 deprecationem
561 3068 676 3109 meam:
695 3048 767 3124 quia
779 3047 954 3105 humiliatus
967 3065 1034 3104 eum
1047 3045 1144 3104 nimis.

119 3127 225 3188 Iibera
239 3149 306 3188 mea
318 3150 337 3188 a
350 3131 594 3207 persequentibus
607 3150 655 3188 ma
668 3150 675 3188 ε
698 3130 769 3205 quia
781 3128 941 3187 confortati
953 3133 1025 3186 sunt
1038 3147 1127 3205 super
1140 3146 1195 3186 me.

120 3208 203 3269 Ilduc
219 3211 257 3269 de
280 3211 413 3269 custodia
433 3212 564 3270 animam
586 3230 683 3270 meam
699 3211 737 3268 ad
759 3209 961 3269 confitendum
982 3209 1189 3268 nominituo:
1213 3226 1261 3265 me

37 3292 216 3366 expuam
225 3293 312 3370 justi,
327 3291 419 3351 donec
432 3293 580 3351 retribuas
592 3291 675 3351 mihi.

120 3389 300 3468 aarum.
1243 3432 1244 3435 η

34 3551 86 3601 ¹11
121 3469 348 3532 considerabam
361 3473 400 3531 ad
412 3472 575 3545 dexteram,
591 3477 622 3530 et
635 3471 791 3530 videbam:
812 3476 844 3530 et
856 3490 919 3529 non
932 3477 997 3530 erat
1010 3470 1063 3549 qui
1076 3476 1264 3548 cognosceret

89 3568 120 3611 e.

120 3631 220 3694 Finita
233 3634 289 3694 bae
302 3635 408 3710 quinto
421 3634 603 3714 Aetiprlsono,
618 3635 719 3694 atatim
732 3633 904 3712 incipietur.

123 3714 189 3777 Ant.
233 3716 425 3776 Conantibus.

124 3795 168 3855 Pe.
210 3796 394 3874 Magnificat

124 3891 280 3970 &piscem
292 3894 412 3953 interim
424 3894 533 3954 beelim
545 3894 580 3953 in
592 3894 755 3953 erastinum
767 3892 957 3952 reservamus
976 3911 1044 3951 cum
1064 3890 1262 3950 luminaribus

41 3968 83 4016 ὗε
104 3969 228 4034 ίπωηεο*
242 3985 364 4053 reponat
378 3976 435 4035 loco
448 3976 541 4035 debito
554 3977 596 4034 ud
607 3976 658 4035 hoe
671 3977 816 4051 deputato.

127 4069 186 4130 Aet.
228 4072 414 4132 Cenantibus
433 4079 534 4132 autem
553 4073 667 4150 accepit
688 4072 710 4130 J
712 4092 778 4131 esus
794 4091 912 4150 panem,
929 4070 1094 4144 benedixit,
1113 4090 1147 4129 ac
1162 4067 1262 4147 fregit,

52 4133 147 4207 <ledit
157 4152 306 4231 discipulis
318 4154 387 4214 suis.

131 4245 252 4327 Repetite
271 4250 444 4328 Antiphone
468 4258 536 4326 post
557 4249 741 4328 Magnificat,
755 4251 836 4309 dicet
854 4249 995 4312 Sacerdos
1016 4249 1183 4310 Orutioeeem
1196 4267 1263 4308 eum

63 4308 208 4392 Βῦπιὶιιυι
220 4332 372 4392 vobiscum
385 4341 412 4392 et
426 4331 552 4392 Oramus
565 4352 642 4390 acore
654 4331 746 4392 solito.

549 4461 562 4486 ¹
577 4459 623 4510 Ed
635 4460 766 4509 incensato.
