2806 4920
124 312 189 374 388
319 310 369 374 In
389 308 513 375 Natali
533 309 643 374 unius
666 307 870 394 Omisesaoris
890 316 919 374 et
940 306 1131 393 Potamia

183 475 333 552 Alleluya,
383 476 412 534 V.
428 477 520 534 Posui
531 475 714 553 adjutorium
726 494 815 551 supm
826 482 994 553 potentem:
1008 482 1040 533 et
1052 474 1184 532 exaltavi
1197 475 1300 532 electum

123 557 160 616 de
174 557 346 714 {effigia
381 638 410 696 V.
444 637 585 715 Disposui
606 645 818 696 testamentum
845 636 947 695 electis
974 637 1068 694 meis:
1098 637 1200 711 jurari
1223 635 1300 692 David

123 738 332 875 smdlldldpa.
380 799 409 856 V.
433 800 496 857 Istc
508 807 629 858 sanctus
642 799 730 876 digne
752 800 785 857 iu
807 799 979 856 memoriam
999 798 1131 856 vertitur
1151 796 1302 855 hominum:

123 880 176 955 qui
188 881 226 937 ad
239 880 380 956 gaudium
394 881 514 937 transiit
528 882 707 958 augelorum.

182 961 331 1036 Alleluya.
380 961 409 1018 V.
433 961 533 1037 Elegit
546 970 577 1018 te
587 961 735 1020 Dominus
748 961 780 1018 in
790 959 971 1018 sacerdotem
985 980 1127 1036 magnum
1143 960 1173 1016 in
1187 960 1288 1036 populo

121 1041 330 1180 inddllgllil&
381 1043 408 1099 V.
431 1042 559 1099 Amavit
576 1062 645 1100 eum
663 1042 819 1114 Dominus,
839 1048 871 1099 et
888 1042 1007 1099 ornavit
1025 1061 1109 1098 eum:
1131 1041 1205 1098 stola
1222 1041 1302 1116 glorie

184 1217 313 1276 Tractus.
357 1218 552 1275 Desiderium.

185 1299 316 1358 Tractus.
360 1299 471 1356 Beatus
486 1300 539 1356 vir.

183 1380 314 1438 Tractus.

180 1462 256 1519 Ecce
269 1460 317 1517 sir
330 1460 458 1536 prudeus
471 1461 524 1536 qui
537 1460 696 1518 aedificavit
708 1461 829 1517 domum
843 1481 926 1517 suam
941 1479 1029 1535 supra
1045 1459 1164 1516 {innam
1176 1470 1286 1536 petram.

127 1543 156 1600 V.
178 1543 217 1599 Iu
245 1542 328 1616 cujus
352 1562 403 1598 om
429 1561 489 1599 nou
516 1550 562 1598 est
584 1543 725 1599 imentus
751 1542 849 1598 dolus:
879 1542 948 1616 quia
974 1541 1073 1597 Deum
1096 1541 1155 1597 sibi
1178 1540 1262 1616 elegit
1279 1540 1300 1594 in

119 1630 334 1699 praeceptorem.
960 1618 965 1626 ’

128 1704 155 1761 V.
179 1703 242 1760 Iste
259 1712 304 1760 est
321 1703 373 1779 qui
392 1722 452 1758 non
473 1703 632 1779 praeposuit
650 1703 840 1779 temporalem
856 1702 1006 1759 laetitiam:
1026 1702 1077 1758 sed
1095 1703 1301 1779 pugnaritcun

117 1784 241 1860 mitiquo
255 1794 389 1858 serpente
403 1783 537 1840 viriliter.

126 1866 154 1922 V.
179 1865 270 1921 Modo
283 1875 443 1922 coronatur
455 1871 486 1920 et
499 1864 665 1940 perfruitur
677 1863 793 1940 palma:
810 1865 880 1940 quia
894 1863 1021 1920 fideliter
1034 1864 1111 1921 vixit
1128 1865 1160 1921 in
1173 1863 1300 1921 mundatis

119 1945 185 2003 Dei.

176 2026 344 2101 noqaeoemia

237 2120 335 2177 Adest
348 2120 434 2176 nobis
447 2119 509 2176 dics
522 2119 601 2176 alma
614 2126 645 2177 et
658 2139 765 2196 niagno
778 2119 887 2196 gaudio
900 2119 996 2196 plena,

242 2201 281 2257 In
295 2220 352 2276 qua
362 2206 464 2258 sancta
475 2199 540 2257 Deo
552 2207 637 2276 grata
650 2201 813 2276 congaudet
828 2199 957 2258 Ecclesia
968 2220 977 2271 ;

237 2281 337 2338 Hodie
350 2281 473 2338 calcetis
486 2280 606 2338 lectatur
618 2289 726 2351 turma,
741 2301 806 2358 quae
818 2280 942 2357 gloriam
951 2288 1053 2338 contat
1066 2282 1098 2338 in
1112 2280 1233 2339 excelsis
1246 2297 1299 2336 vote

316 2360 467 2419 dulcisona
481 2381 548 2419 cum
558 2362 739 2439 symphonia

236 2441 337 2499 Hodie
357 2441 491 2517 polorum
511 2452 613 2500 sancta
625 2444 744 2518 agmina
763 2443 931 2500 collaudant
951 2462 1049 2519 regem
1070 2443 1170 2500 Deum
1183 2449 1297 2499 metron

317 2531 419 2579 natrnn
435 2543 473 2579 ex
488 2524 602 2598 virgine
615 2535 716 2580 sancta
728 2524 833 2581 Maria.

235 2605 311 2673 Ave,
328 2604 437 2678 inclyte
452 2605 556 2679 pnesul
573 2605 693 2674 Christi,
709 2604 760 2665 N..
772 2606 825 2660 llos
840 2604 1054 2680 prrlcln‘urirmz

235 2685 279 2740 Tu
296 2685 419 2760 vestigia
434 2685 546 2741 Christi
559 2694 677 2742 secutus
688 2706 718 2742 es
733 2696 832 2742 mente
846 2687 971 2746 devota:

235 2766 355 2822 AEtemi
370 2767 446 2840 regis
459 2766 583 2840 adeptus
597 2786 627 2822 es
641 2786 729 2840 regna
742 2786 750 2837 3

234 2848 305 2903 Jam
319 2847 477 2923 gratularis
492 2848 521 2902 in
537 2847 623 2903 domo
634 2867 768 2922 superna,
785 2848 935 2923 possidens
949 2848 1030 2904 sedes
1041 2847 1156 2904 almas:

235 2928 330 2997 Quem
345 2928 527 3002 postulamus
541 2938 571 2983 et
585 2928 730 3003 poscimus
745 2949 812 2991 urm,

234 3010 388 3083 Adjuvent
404 3016 457 3065 tua
470 3015 571 3064 sancta
585 3009 724 3085 suffragia
738 3010 871 3085 fragilem
883 3010 975 3065 vitam
991 3022 1143 3069 nostram:

234 3091 260 3145 Ο
278 3093 368 3158 beate,
382 3090 407 3146 O
421 3103 521 3146 sancte.
536 3089 585 3159 N,
602 3109 655 3165 pro
669 3092 753 3146 nohis
767 3090 906 3166 supplica.

233 3172 259 3227 Ο
275 3172 367 3241 beate,
383 3171 409 3226 Ο
424 3178 523 3227 sancte
538 3170 588 3240 X„
603 3171 684 3226 salva
698 3179 844 3228 catervam
861 3173 935 3227 hanc
950 3194 955 3227 :

232 3251 279 3308 Ut
293 3271 352 3306 una
366 3271 530 3307 mereamur
544 3259 644 3307 sancta
658 3252 791 3324 polorum
806 3253 917 3327 templa

233 3331 384 3387 Possidere.
399 3332 459 3387 lauti
474 3341 625 3388 cernentes
639 3333 724 3395 alma,
739 3334 846 3408 giudic
860 3353 926 3408 qme
941 3341 1011 3388 sunt
1026 3333 1122 3407 plena.

232 3413 278 3468 Sit
293 3413 356 3468 Deo
371 3412 434 3468 laus
450 3415 584 3469 honoret
594 3414 734 3487 jubilatio
748 3415 834 3479 clara,

231 3492 291 3561 Qui
305 3501 407 3567 regnat
422 3513 473 3567 per
487 3495 586 3550 omnia
599 3495 769 3551 seculorum
785 3496 897 3551 saecula

230 3576 329 3630 Amen
340 3575 440 3630 dicant
455 3576 561 3631 onmia.

167 3705 334 3762 Secundum
348 3704 523 3761 illaudatum
536 3707 617 3781 (arc.
637 3707 750 3781 14-23).

168 3787 206 3842 In
221 3786 272 3843 illo
286 3793 425 3861 tempore.
443 3786 531 3842 Dixit
550 3788 640 3843 Jesus
656 3788 808 3863 discipulis
829 3789 889 3844 suis
911 3789 1078 3864 latalaum
1095 3789 1189 3852 hanc:
1212 3789 1296 3845 Homo

106 3869 227 3942 quidam
243 3887 363 3943 peregre
376 3867 560 3943 proficiscens
574 3889 664 3943 usquc
678 3870 718 3924 ad
731 3889 820 3945 supra
841 3869 936 3926 multa
950 3882 979 3926 te
993 3871 1182 3927 constituam.
1225 3870 1296 3925 lutra

106 3950 137 4004 iu
151 3949 292 4024 gaudium
309 3949 432 4005 Domini
443 3951 497 4007 tui.

165 4031 333 4088 Secundum
346 4029 459 4086 Lucam
473 4031 542 4102 (eii.
561 4031 678 4104 3244).

166 4111 202 4168 Iu
217 4110 269 4167 illo
284 4124 423 4187 tempore,
440 4112 528 4167 Dixit
548 4112 637 4169 desus
657 4113 811 4190 discipulis
832 4114 911 4183 suis:
933 4111 1296 4190 Noliteti111e1e‚1›u<illus

102 4211 175 4267 grex
191 4211 279 4267 usqrte
293 4191 334 4247 ad
352 4212 441 4267 supra
455 4194 554 4249 onmia
568 4213 633 4268 quoe
648 4196 777 4269 possidet
792 4196 954 4252 constituet
968 4215 1044 4252 eum.

163 4271 331 4329 Secundum
347 4272 521 4329 illaudatum.
535 4275 627 4348 (rme.
646 4276 762 4350 lQ-ll').

162 4353 201 4410 In
222 4353 273 4409 illo
294 4362 433 4430 temporo,
451 4354 537 4410 Dixit
556 4353 645 4411 Jesns
663 4356 815 4432 discipulis
835 4359 916 4415 suis:
939 4358 1080 4434 Vigilate,
1100 4360 1170 4434 «piria
1191 4354 1295 4414 nese-itis

101 4453 159 4507 qua
174 4434 245 4494 hora
261 4454 348 4508 usqae
362 4435 402 4491 od
416 4436 554 4509 «pilonium
569 4441 770 4511 superomnia
786 4439 862 4494 bona
876 4460 929 4496 sua
943 4442 1105 4497 constituet
1119 4461 1197 4497 cum.
