2806 4920
166 326 228 390 204
496 320 591 384 nom.
612 317 709 383 eviii
728 325 805 404 poet
828 316 1041 384 Trinitatem.

285 486 430 547 camora.
464 486 567 544 Sanoti
580 485 765 561 humilesque
777 484 866 542 eorde
877 485 1013 562 benigno,

507 567 636 644 Tresque
650 566 751 643 pusilli
764 574 983 642 exsuperantes

469 647 666 707 Choma-Et
678 647 865 706 benedicunt

287 761 432 822 Centoras.
465 761 537 819 Rite
551 762 659 819 camini
672 761 753 838 ignei
766 760 900 818 flammas

506 842 528 902 J
529 862 597 900 ussa
610 843 730 918 tyranni
742 851 874 900 temnere
887 841 1025 918 prompti.

467 922 872 1000 otone-Ommpotemn

285 1038 431 1097 Curatores.
464 1038 512 1096 Sit
526 1037 664 1095 Genitori
677 1036 743 1095 laus
757 1036 942 1112 Genitoque:

507 1118 644 1196 Inusque
656 1119 744 1176 beato
757 1117 887 1175 Flamini
901 1117 1017 1175 Sancto.

467 1199 663 1259 Choma-Et
677 1199 862 1256 benedicunt.

285 1281 433 1340 cantora.
468 1282 719 1357 Omnipoteutem,
736 1289 762 1337 et
775 1301 795 1336 a
809 1278 891 1337 dioro
905 1277 1069 1337 dedantur
1080 1277 1233 1353 adytum
1312 1336 1322 1359 ⁹

225 1404 373 1462 Dominus
387 1404 546 1462 vobiscum.

226 1486 336 1543 Oratio.

225 1567 316 1637 Deus,
331 1567 384 1642 qui
397 1566 494 1623 tribus
506 1566 606 1642 pueris
620 1565 763 1642 mitigasti
777 1565 911 1622 flammas
924 1563 1049 1640 ignium,
1062 1562 1199 1635 enneade,
1213 1564 1361 1640 propitius

163 1656 197 1705 ut
225 1668 278 1703 nos
305 1646 430 1704 famulos
457 1655 523 1705 tuos
546 1667 606 1704 non
633 1655 740 1704 exurat
766 1646 885 1704 flamma
912 1646 1062 1702 uitiorum.
1119 1642 1179 1701 Per
1205 1643 1363 1703 Dominum

164 1736 329 1787 nostrum.-

225 1809 373 1867 Jlemorioe
386 1819 523 1867 commta
536 1809 681 1867 dicaretur.

225 1892 275 1946 ,td
288 1889 489 1965 Hebrae08(iae.
507 1891 603 1965 2-12)

225 1971 363 2031 Fratres:
388 1971 622 2029 Tabernaculum
635 1970 747 2028 iactum
760 1982 806 2028 est
824 1970 961 2047 primum,
977 1969 1009 2026 in
1023 1988 1082 2045 quo
1094 1974 1182 2026 erant
1194 1968 1365 2028 medaba

164 2072 252 2127 usqum
266 2054 307 2109 ud
320 2053 371 2111 sed
384 2071 437 2129 per
451 2054 601 2129 proprium
623 2053 805 2129 samguiuem,
820 2050 960 2108 introivit
973 2049 1063 2108 semel
1083 2050 1116 2107 in
1136 2056 1249 2123 sanda
1259 2060 1365 2109 surm

163 2133 364 2209 redemptione
378 2135 508 2191 inventa.

230 2215 358 2272 Tractus.

225 2295 357 2352 Laudate
372 2295 543 2365 Dominum,
559 2314 661 2352 omnes
673 2301 793 2370 gentes:
814 2301 845 2351 et
858 2292 1023 2351 collaudate
1036 2312 1104 2350 eum
1119 2311 1223 2351 omno
1235 2292 1346 2371 populi.

169 2375 198 2433 1'.
226 2375 372 2444 Quoniam
399 2377 573 2433 confirmata
599 2382 645 2433 est
671 2395 760 2452 super
783 2395 836 2431 nos
860 2373 1061 2432 misericordis
1086 2374 1169 2451 ejus:
1200 2382 1233 2432 et
1260 2374 1368 2432 veritas

166 2455 288 2512 Domini
303 2464 403 2514 manet
416 2457 446 2514 in
461 2464 613 2514 ueternum.

224 2550 390 2607 Sornudum
407 2551 519 2608 Lucam
532 2549 613 2625 (xiii.
628 2550 722 2625 6-17).

226 2630 263 2687 In
277 2630 329 2688 illo
342 2639 482 2708 tempore,
499 2632 624 2689 Dicebat
638 2632 658 2687 J
661 2651 727 2688 esus
744 2631 842 2689 turbis
859 2630 1085 2687 similitudinem
1104 2629 1199 2702 hanc3
1221 2630 1368 2688 Arborem

164 2712 210 2769 fici
229 2712 357 2770 habebat
374 2713 492 2790 quidam
513 2734 603 2788 resque
620 2712 662 2770 ad
683 2720 713 2769 et
737 2713 833 2768 omnis
854 2712 980 2788 populus
997 2711 1144 2788 gaudebat
1161 2711 1194 2768 in
1213 2713 1368 2771 universis

164 2813 230 2871 ‹111oe
244 2794 369 2865 gloriose
383 2795 494 2851 fiebant
507 2796 545 2851 ab
559 2814 601 2851 eo.

227 2875 419 2948 Qffertorium.

226 2957 353 3015 Domine
367 2957 448 3014 Deus
462 2956 567 3013 salutis
579 2975 670 3013 meae:
691 2955 724 3012 in
738 2954 785 3012 die
799 2954 924 3012 clamavi
943 2961 975 3012 et
992 2960 1078 3012 nocte
1091 2973 1190 3012 eoram
1204 2960 1255 3013 te:
1276 2955 1370 3013 intret

162 3039 256 3093 onitin
270 3057 333 3095 meu
348 3040 380 3095 iu
394 3045 551 3113 conspectu
565 3044 627 3109 tuo,
645 3037 780 3093 Domine.

224 3120 344 3176 Nitrata.

224 3200 366 3267 Concede,
394 3219 570 3275 (tumeamus,
598 3200 785 3274 omnipotens
812 3198 903 3268 Dens,
932 3203 967 3254 ut
993 3197 1085 3255 oeulis
1112 3204 1173 3254 ture
1204 3198 1372 3274 majestatis

164 3297 271 3336 munus
288 3280 420 3337 oblatum
434 3289 466 3337 et
481 3280 607 3356 gratiam
621 3280 707 3337 nobis
725 3280 892 3337 devotionis
913 3279 1056 3350 obtineat,
1071 3286 1101 3336 et
1118 3279 1258 3336 effectum
1276 3280 1371 3337 beata

163 3361 358 3436 perennitatis
371 3362 512 3437 acquirat.
557 3361 615 3418 Per
629 3361 800 3419 Dominum.

226 3446 236 3491 t
245 3444 407 3500 'tunninio

225 3522 328 3578 Mense
342 3523 467 3599 septimo
479 3522 555 3580 festa
565 3522 758 3594 eelebiabitis,
769 3542 837 3580 cum
850 3522 882 3579 in
894 3522 1091 3580 tabernaculis
1101 3520 1237 3579 habitare
1250 3523 1372 3581 ieeerim

163 3601 240 3659 filios
260 3603 368 3660 Israel:
391 3624 457 3661 eum
478 3604 630 3661 educerem
647 3625 696 3662 eos
713 3605 748 3661 de
767 3612 848 3662 terra
861 3603 995 3680 AEgypt‘u
1039 3603 1102 3680 Ego
1119 3602 1268 3661 Dominus
1288 3605 1372 3662 Deus

164 3692 268 3741 vester.

225 3766 464 3825 I'aetcommuuio.

225 3847 385 3905 Perfieiant
405 3848 437 3904 in
459 3847 553 3919 nobis,
570 3847 708 3919 Domine,
723 3866 900 3923 quaesumus,
921 3854 975 3903 tua
997 3852 1181 3904 sacramenta
1198 3848 1278 3923 quod
1303 3868 1371 3905 eon·

163 3929 279 3989 tinent:
308 3934 343 3986 ut
367 3950 432 4007 quae
457 3949 536 3986 nunc
559 3930 654 4005 specie
677 3930 815 4006 gerimus.
840 3948 939 3986 rerum
958 3929 1084 3985 veritate
1108 3930 1266 4005 capiemus
1311 3928 1371 3987 Per

165 4011 335 4070 Dominum.

533 4191 693 4248 Dorumen
715 4190 841 4247 Daorsi
862 4189 997 4248 Ocrnvn

225 4289 365 4364 Officiunr.

225 4370 272 4427 Da
306 4391 414 4447 tutem,
450 4368 587 4438 Domine,
621 4368 837 4425 sustinentibus
863 4378 902 4429 te.
939 4377 972 4425 ut
1002 4368 1152 4446 prophetae
1186 4371 1232 4428 tui
1267 4371 1370 4430 fideles

164 4449 372 4510 inveniantur:
393 4450 501 4510 exaudi
514 4469 613 4527 preoes
626 4449 704 4507 servi
718 4451 764 4506 tui
775 4458 806 4506 et
819 4450 913 4525 plebis
926 4458 994 4524 tuae,
1010 4449 1110 4508 lamet
