2804 4920
481 108 663 195 Suffragia·
681 112 896 181 Communia.
1224 122 1288 207 419

83 274 176 329 nctus
186 272 368 350 praecedente
380 275 478 353 gratia
490 280 545 335 tua
557 277 674 355 dirigas,
688 284 719 336 et
732 280 929 356 subsequente
942 281 1077 340 comitari
1086 282 1214 359 digneris
1225 303 1235 356 3
1249 291 1286 343 ut

82 342 129 407 de
143 362 208 411 actu
226 363 318 433 atque
340 355 545 416 incolumitate
567 378 670 417 eorum
683 362 845 418 seeundum
858 361 1064 422 misericordia
1076 369 1136 422 tuae
1148 366 1286 443 praesidia

82 432 273 504 mmmm.
316 435 376 496 Per
388 437 560 498 Dominum.

147 514 389 577 Poeteommuaio.

146 594 281 674 Sumpta,
295 618 472 675 quaesumus,
493 599 631 673 Domine,
653 601 774 660 calestia
794 605 928 680 mysterii
947 612 1129 664 sacramenta
1147 607 1185 665 ad
1205 627 1284 684 pros-

82 677 241 750 peritatem
267 679 385 738 itineris
410 681 590 740 famulorum
617 689 738 740 tuorum
764 683 927 761 proficiant,
952 693 984 744 et
1007 706 1055 745 eos
1082 687 1120 746 ad
1143 688 1284 748 salutaria

82 764 192 817 mnata
204 759 376 837 perducant.
419 761 479 821 Per
492 761 665 821 Dominum

489 964 555 1024 Pro
575 980 671 1024 turco
692 963 886 1024 Psurrnnrn

143 1041 255 1104 Oratio.

141 1124 338 1202 Omnipotens
357 1126 536 1204 sempiterne
554 1126 646 1199 Deus,
662 1128 815 1186 confitenti
834 1126 891 1184 tibi
911 1126 1020 1185 famulo
1036 1132 1089 1184 tuo
1103 1125 1142 1185 N.
1159 1149 1213 1205 pro
1225 1135 1279 1188 tna

82 1202 191 1278 pietme
200 1213 319 1284 peecata
329 1207 440 1280 relaxa,
449 1214 556 1266 utnon
569 1207 636 1285 plus
646 1209 674 1267 ei
684 1210 783 1267 valeat
795 1208 979 1266 eonscientiae
992 1215 1091 1267 reatus
1103 1208 1142 1266 ad
1154 1229 1277 1285 penam,

82 1301 169 1425 ραις
181 1287 369 1367 indulgentia
380 1294 441 1347 tua
454 1289 575 1366 pietatis
587 1289 626 1347 ad
639 1292 766 1349 veniam.
809 1287 868 1347 Per
882 1288 1053 1347 Dominum.

163 1377 262 1427 eorem

141 1447 262 1522 Presta,
278 1468 456 1526 quesumus,
470 1450 657 1528 omnipotens
676 1457 707 1509 et
727 1451 890 1509 misericors
911 1451 1001 1522 Deus,
1016 1456 1052 1509 ut
1064 1449 1127 1508 hae
1139 1451 1277 1512 salutaris
1294 1463 1296 1467 ’

82 1525 189 1588 oblatio
201 1530 347 1589 famulum
360 1538 448 1589 tuum
460 1529 499 1588 N.
515 1539 547 1589 et
559 1552 578 1590 a
591 1532 717 1609 propriis
730 1533 860 1590 reatibus
873 1531 1074 1590 indesinenter
1083 1533 1231 1609 expediat,
1246 1541 1278 1593 et

82 1605 119 1663 ab
130 1612 268 1670 omnibus
279 1617 402 1670 tueatur
413 1612 552 1671 adversis
595 1612 654 1671 Per
667 1613 838 1673 Dominum.

139 1691 381 1751 Poetconmnanio.

140 1771 335 1851 Omnipotens
354 1781 386 1832 et
404 1773 570 1832 misericors
583 1774 673 1847 Deus,
690 1775 742 1851 qui
755 1794 870 1833 omnem
890 1773 1020 1833 animam
1038 1774 1230 1852 paenitentem
1245 1782 1275 1835 et

82 1852 268 1912 mmnnsem
286 1855 381 1932 magis
400 1856 446 1913 vis
464 1855 619 1914 emendare
639 1874 729 1932 quam
748 1856 886 1933 perdere;
906 1855 1016 1932 respice
1030 1855 1174 1933 propitius
1187 1876 1275 1934 super

82 1923 158 1992 hunc
169 1933 314 1994 famulum
334 1943 422 1994 tuum
435 1935 486 2007 N,
501 1945 532 1994 et
551 1955 604 2012 per
620 1936 683 1995 haee
695 1943 877 1994 sacramenta
897 1956 963 2014 quae
982 1937 1159 2014 sumpsimus
1173 1943 1274 1996 averte

82 2008 171 2150 aaa
192 2016 270 2075 iram
290 2016 503 2095 indignationis
523 2023 591 2089 tua,
614 2024 646 2075 et
668 2018 768 2076 omnia
787 2024 905 2095 peccata
926 2038 980 2076 sua
997 2018 1025 2075 ei
1045 2018 1171 2077 dimitte,
1214 2018 1274 2078 Per

129 2114 248 2156 mmum.

509 2246 576 2306 Pao
597 2247 835 2306 Tarsumrrous.

139 2325 248 2390 Oratio.

98 2408 105 2420 “
136 2407 227 2483 Dens,
249 2410 303 2488 qni
323 2409 519 2468 contritorum
544 2429 606 2468 non
629 2408 753 2486 despicis
774 2409 927 2487 gemitum,
948 2413 980 2466 et
1002 2410 1187 2468 maerentium
1210 2429 1273 2470 non

82 2491 187 2558 mann
200 2492 340 2550 affectum
350 2512 358 2564 ;
378 2491 479 2549 adesto
492 2490 626 2567 precibus
646 2491 764 2562 nostris,
779 2510 851 2567 quas
871 2490 978 2567 pietati
997 2496 1057 2547 tute
1077 2509 1130 2567 pro
1151 2491 1272 2550 tribula·

82 2562 156 2631 done
167 2580 272 2631 nostra
284 2573 451 2646 offerimus;
471 2571 669 2648 implorantes,
685 2578 721 2629 ut
734 2590 788 2628 nos
807 2570 966 2628 elementer
979 2570 1124 2647 respicias,
1139 2577 1169 2628 et
1183 2571 1271 2631 solito

82 2644 194 2715 matis
218 2660 278 2712 tuas
301 2653 416 2712 intuitu
437 2653 559 2726 tribuas,
582 2659 619 2711 ut
642 2652 783 2729 quicquid
805 2659 908 2709 contra
930 2670 984 2708 nos
1007 2649 1157 2708 diabolicae
1180 2658 1270 2729 atque

82 2738 210 2794 lumenta
233 2735 399 2794 moliuntur
419 2733 619 2806 adversitates,
632 2733 671 2791 ad
691 2732 820 2790 nihilum
839 2732 961 2810 redigas,
975 2731 1140 2789 etconsilio
1160 2732 1270 2791 miseri·

82 2814 179 2874 ardis
202 2822 264 2874 tum
286 2816 408 2888 allidas3
437 2821 582 2893 quatenus
603 2814 694 2872 nullis
715 2813 943 2872 adversitatibus
963 2811 1034 2885 laci,
1056 2812 1106 2870 sed
1127 2812 1165 2870 ab
1186 2813 1269 2872 omni

82 2890 267 2956 ribulattone
283 2904 314 2956 et
331 2897 469 2974 angustia
488 2896 615 2968 liberati,
628 2895 740 2973 gratias
759 2893 816 2952 tibi
833 2895 866 2951 in
886 2891 1017 2951 Faeclesia
1036 2899 1090 2953 tua
1108 2893 1269 2953 referamus

82 2979 142 3037 eti.
185 2978 244 3037 Per
257 2977 429 3038 Dominum
665 2991 667 2997 '

132 3057 254 3119 Secreta

133 3138 226 3213 Deus,
240 3142 292 3219 qui
307 3141 466 3200 tribulatos
485 3138 571 3199 corde
590 3157 677 3197 sanas
699 3145 730 3197 et
753 3137 949 3197 mestificatos
971 3142 1040 3195 actu
1061 3136 1191 3197 laetificas
1200 3157 1209 3211 ;
1228 3138 1268 3198 ad

82 3231 148 3280 Qu
174 3222 321 3300 propitius
346 3221 473 3280 hostiam
506 3221 662 3298 dignanter
691 3219 820 3290 attende,
847 3238 900 3296 per
926 3237 1016 3294 quam
1043 3219 1135 3300 totius
1162 3219 1267 3278 mundi

82 3299 195 3362 olenti
221 3303 355 3362 relaxare
382 3302 497 3375 delicta,
525 3308 556 3360 et
583 3320 636 3378 pro
662 3299 855 3359 tribulatione
888 3306 989 3358 nostra
1019 3319 1084 3359 eam
1110 3300 1268 3360 elementer

82 3390 203 3457 'aame3
225 3384 432 3443 tribulationes
444 3383 565 3460 inspice,
579 3382 773 3440 adversitates
785 3388 816 3441 et
829 3381 960 3458 pericula
971 3381 1087 3459 repelle.
1130 3379 1195 3440 Per.

132 3465 374 3525 Poslccmmunio.

132 3547 271 3619 Dimitte,
285 3566 462 3624 quaesumus,
477 3545 614 3618 Domine,
628 3551 747 3622 peecata
767 3549 876 3617 nostra,
890 3550 922 3602 et
941 3542 1039 3601 tribue
1058 3540 1143 3600 nobis
1156 3540 1265 3600 miseri·

82 3627 201 3688 vrdnm
223 3635 307 3687 tuam
316 3647 326 3701 ;
352 3628 469 3705 orisque
492 3626 587 3685 nostri
607 3626 736 3704 alloquio
758 3632 904 3695 exortura,
918 3623 1117 3682 humilitatem
1134 3629 1265 3681 nostram

82 3705 200 3785 stende,
212 3708 331 3769 vmenla
344 3708 434 3782 solve,
444 3707 554 3767 delicta
566 3707 640 3780 dele,
651 3708 846 3784 effectumque
858 3705 996 3784 petitioni
1007 3711 1115 3763 nostra
1129 3703 1265 3781 largiens,

82 3790 397 3868 ¹giler-etalementer
410 3789 526 3850 exaudi.
569 3789 635 3847 Per.

210 4089 219 4105 .
372 4006 498 4068 Courua
517 4007 731 4066 Tsurssrarss
751 4020 790 4064 sn
810 4003 968 4064 Possm

82 4238 94 4254 ,
131 4087 270 4232 &domo
289 4177 351 4244 tua,
367 4170 504 4243 Domine,
519 4168 689 4246 spirituales
704 4167 846 4247 nequitia
866 4163 1054 4244 repellantur,
1070 4171 1101 4226 et
1113 4187 1264 4230 aerearum

82 4252 200 4313 wdat
212 4252 383 4330 malignitas
397 4256 614 4329 tempestatum.
658 4249 724 4312 Per.
