2804 4920
139 312 201 376 190
444 305 538 372 nea
560 304 606 372 e
624 313 701 392 poe
724 305 788 372 oe.
812 304 1020 370 remman.
1102 262 1106 269 ’

615 546 717 605 Fnsu
740 526 867 605 Sma'

192 674 470 754 sacertotem
494 676 513 735 i.
530 675 649 753 26-31).

193 759 330 817 Fratres:
361 757 472 816 Videte
491 757 677 815 vocationem
705 763 834 815 vestram
856 774 948 831 usqae
970 757 1012 813 od
1036 754 1097 826 Qui
1119 754 1274 833 gloriatur,
1297 755 1329 812 in

134 840 264 898 Domino
277 839 427 917 glorietur.
1047 861 1049 864 ⁴

191 931 358 992 Secundum
371 929 547 989 Mottdoeum
560 931 659 1007 (miii.
679 929 793 1008 lens).

192 1013 231 1071 In
257 1012 310 1071 illo
335 1019 477 1088 tempore,
505 1011 595 1070 Dixit
624 1012 713 1070 Jesus
745 1010 843 1069 turbis
876 1009 1052 1070 Judseorum
1084 1015 1116 1067 et
1149 1009 1329 1088 principibus

131 1093 335 1234 mellum
368 1093 424 1150 Vae
453 1092 538 1150 uobis
564 1111 654 1168 morae
681 1092 723 1150 od
750 1092 825 1150 Haec
852 1091 986 1167 oportuit
1011 1089 1116 1163 facere,
1139 1097 1171 1148 et
1194 1089 1248 1148 ills
1272 1109 1328 1148 non

341 1382 503 1441 Dounuca
524 1382 619 1441 Noas
641 1397 713 1440 rosr
733 1381 874 1441 Ocravss
894 1379 1116 1439 Pnuascosrns

190 1491 359 1629 gdicdnddiin
372 1569 455 1627 Deus
468 1569 593 1647 adjuvat
606 1589 662 1638 me,
685 1575 716 1626 et
736 1569 885 1626 Dominus
904 1574 1057 1644 susceptor
1069 1572 1115 1625 est
1128 1568 1237 1626 enimse
1250 1586 1328 1638 meu,

129 1658 229 1792 pap-pp?
236 1650 480 1790 Dmirilndnimids
501 1650 591 1708 meis:
622 1657 652 1707 et
674 1651 705 1708 in
728 1649 856 1709 veritate
874 1656 927 1708 tua
945 1646 1080 1725 disperde
1093 1647 1170 1720 illos,
1183 1654 1331 1726 protector

212 1777 220 1804 ,
268 1752 285 1790 o
365 1775 372 1789 .

188 1823 459 1977 damnoniae
472 1909 526 1962 tuo
539 1903 655 1962 salvum
668 1922 718 1962 me
728 1902 775 1961 fac
789 1924 796 1961 ε
819 1909 850 1962 et
864 1904 896 1961 in
909 1902 1024 1962 virtute
1037 1910 1091 1962 tua
1103 1902 1208 1981 judica
1221 1923 1277 1962 me

192 2000 301 2059 Oratio.

190 2080 311 2158 Largire
331 2078 425 2151 nobis,
440 2097 615 2154 quesumus,
634 2078 773 2152 Domine,
794 2097 910 2155 semper
930 2078 1069 2156 spiritum
1093 2078 1245 2155 cogitandi
1265 2096 1329 2154 qua

129 2168 209 2220 recta
230 2168 302 2219 sunt
322 2159 469 2237 propitius
492 2159 671 2237 etagend13
704 2159 816 2236 utqui
839 2160 903 2218 sine
929 2165 961 2218 te
987 2179 1049 2217 esse
1076 2178 1138 2216 non
1164 2178 1326 2236 possumus,

128 2242 288 2301 secundum
301 2246 331 2297 te
346 2241 445 2298 vivore
459 2240 615 2301 valeamus.
658 2240 724 2298 Per.

193 2332 471 2410 nuceriensem
488 2353 515 2390 a.
533 2334 631 2411 6-13).

188 2415 327 2472 Fratres:
354 2413 425 2470 Non
447 2413 540 2472 simus
563 2413 800 2490 concupiscentes
823 2413 968 2472 malorum
991 2434 1081 2489 resque
1102 2414 1145 2472 cd
1166 2414 1219 2472 sed
1242 2413 1326 2472 faciet

128 2517 196 2553 cum
208 2494 375 2553 tentatione
388 2494 478 2552 etiam
492 2503 680 2572 proventum,
696 2500 732 2553 ut
745 2494 864 2572 possitis
877 2495 1031 2553 sustinere.

188 2587 326 2728 gdffld
340 2667 487 2726 Dominus
511 2677 632 2728 noster:
663 2688 752 2746 quam
776 2669 950 2726 admirabile
973 2676 1018 2726 est
1045 2688 1155 2726 nomen
1183 2676 1268 2726 tuum
1296 2669 1323 2724 in

130 2754 267 2810 universa
279 2757 368 2808 terra.

137 2834 161 2891 V.
191 2831 336 2904 Quoniam
351 2830 467 2888 elevata
480 2838 525 2889 est
539 2831 759 2907 magnificentia
771 2836 825 2887 tua
838 2850 925 2907 super
938 2829 1030 2888 caelos.

188 2914 335 2989 Alleluya.
385 2912 414 2970 V.
437 2913 580 2985 Attende,
595 2913 702 2989 popule
717 2931 806 2977 meus,
822 2911 915 2987 legem
930 2931 1031 2969 meam.

188 3008 355 3065 Samuelem
372 3005 484 3063 [accam
507 3006 583 3079 (xci.
603 3007 679 3082 1-9)

189 3089 227 3145 In
241 3088 292 3145 illo
305 3094 446 3162 tempore,
462 3087 550 3144 Dixit
563 3086 585 3144 J
587 3106 651 3143 esras
664 3085 816 3162 discipulis
833 3086 893 3143 suis
910 3086 1079 3163 parabolam
1098 3086 1197 3156 lianc;
1228 3088 1324 3145 Homo

127 3170 247 3244 quidam
266 3175 331 3225 erat
348 3167 438 3236 dives,
454 3168 505 3243 qui
523 3167 652 3223 habebat
667 3166 800 3224 villicum
822 3187 913 3242 nepae
935 3169 975 3224 ad
996 3175 1038 3239 ut,
1063 3187 1129 3225 cum
1152 3167 1321 3237 defeceritis,

127 3251 271 3326 recipiant
284 3269 336 3305 vos
350 3250 381 3303 in
398 3254 509 3304 aeterna
525 3248 722 3305 tabernacula.

187 3342 458 3481 disseditiddnsslimiui
480 3427 576 3494 rectae,
591 3422 774 3480 laetificantes
793 3423 895 3480 corda:
920 3428 951 3480 ct
969 3422 1100 3479 dulciore
1118 3442 1207 3499 super
1224 3422 1281 3480 mel
1295 3429 1323 3480 et

127 3505 236 3576 favum,
252 3522 321 3560 nam
335 3511 366 3560 ct
378 3524 478 3561 servus
492 3510 562 3561 tuus
575 3503 704 3562 custodit
717 3523 758 3561 ea.

187 3598 311 3754 giiiilite
335 3698 465 3748 munera,
494 3697 670 3754 quaesumus,
701 3677 837 3749 Domine,
867 3697 931 3753 quae
960 3678 1016 3736 tibi
1046 3678 1083 3735 de
1111 3689 1163 3736 tua
1190 3678 1324 3756 largitate

127 3759 301 3830 (inferimus,
322 3766 356 3816 ut
370 3760 431 3816 hacc
445 3766 629 3817 sacrosancta
641 3760 790 3835 mysteria,
806 3760 908 3835 gratiae
927 3767 986 3816 tuae
1004 3766 1144 3835 operante
1161 3761 1282 3827 virtute,
1296 3767 1324 3816 et

126 3840 438 3979 prepentistvitppepos
456 3841 678 3898 conversatione
701 3841 893 3910 sanctificent,
909 3849 939 3898 et
960 3841 998 3898 ad
1020 3841 1128 3917 gaudia
1149 3843 1324 3919 sempiterna

127 3943 177 3997 per
199 3942 295 3980 ucan.
399 3967 405 3980 .

188 4015 368 4074 Communia

128 4176 157 4234 D
187 4097 321 4155 Primum
344 4098 469 4175 quaerite
493 4116 616 4174 regnum
642 4095 719 4153 Dei:
753 4101 785 4153 et
808 4096 908 4154 omnia
931 4094 1110 4172 adjicientur
1136 4095 1231 4166 vobis,
1255 4094 1323 4152 dicit

159 4198 282 4237 ominus

187 4272 427 4330 Postcommunic.

186 4352 232 4408 Sit
245 4354 337 4424 nobis,
354 4353 489 4421 Domine,
505 4350 652 4427 reparatio
670 4349 780 4406 mentis
798 4357 828 4406 ct
846 4350 977 4426 corporis
997 4349 1111 4407 celeste
1132 4351 1324 4426 mysterium

127 4438 160 4487 ut
174 4432 256 4508 cujus
270 4435 458 4510 exsequimur
471 4432 627 4504 actionem,
642 4429 804 4488 sentiamus
818 4432 961 4489 ellectum.
1006 4432 1064 4488 Per
1078 4430 1251 4490 Dominum.
