2804 4920
461 287 689 354 ordinarium
710 289 828 355 Μίδεω.

172 450 225 507 Ab
239 450 360 507 occultis
373 451 446 508 meis
459 452 569 509 munde
582 472 638 524 me,
653 453 799 512 Domine:

214 529 256 587 Et
267 530 305 587 ab
318 530 421 588 alienis
434 551 518 608 parce
531 552 615 589 serve
628 539 688 591 tuo.

174 608 282 667 Snnets
295 610 354 668 Dei
366 613 500 687 genetn'x
513 613 596 689 virgo
610 632 723 689 semper
737 613 853 673 Mario:

214 690 368 748 Intereede
379 711 432 767 pro
446 692 538 750 nobis.

174 769 302 827 Domine
316 770 398 828 Deus
409 772 563 844 virtutum,
579 782 716 829 converte
730 793 802 830 nos:

216 850 255 906 Ec
270 851 388 908 ostende
402 852 504 909 faeiem
517 858 609 923 tuoni,
624 860 654 909 et
667 853 742 909 salvi
755 853 870 911 erimus.

175 928 302 987 Domine
316 931 424 988 exaudi
437 932 598 989 orationem
614 952 708 990 meam
722 954 728 990 :
830 984 833 992 ,

215 1009 256 1065 Et
269 1010 377 1067 clamor
391 1031 472 1068 meus
485 1012 522 1068 nd
536 1020 566 1069 te
579 1013 687 1070 veniat.

175 1088 320 1147 Dominus
334 1091 491 1149 vobiscum.
533 1092 573 1148 Et
587 1112 653 1149 eum
666 1093 774 1168 spiritu
787 1099 846 1150 tue.

114 1169 200 1226 Tunc
212 1169 329 1227 inclinet
342 1191 370 1227 se
383 1172 424 1227 acl
436 1171 544 1242 Altero,
552 1172 666 1246 junctis
678 1173 823 1245 omnibus,
837 1181 863 1231 el
876 1173 975 1232 dicat:

113 1249 212 1306 Aufer
234 1270 252 1305 a
274 1251 368 1322 nobis,
389 1251 525 1323 Domine,
547 1259 666 1309 cunctas
687 1253 859 1328 iniquitates
879 1262 1001 1324 nostine,
1024 1259 1059 1310 ut
1082 1254 1120 1312 ad
1142 1261 1243 1312 sanein

56 1336 222 1386 sanctorum
241 1331 321 1405 pinis
341 1332 489 1401 mentibus
504 1332 612 1388 servire
625 1351 790 1389 mereamur
803 1338 834 1390 et
848 1333 976 1391 introire.
1020 1333 1078 1391 Per
1092 1334 1242 1393 Christum

58 1408 218 1467 Dominum
232 1417 373 1466 nostrum.
417 1413 524 1468 Amen.

117 1489 174 1547 Hie
189 1509 217 1546 ee
234 1491 367 1564 eciyemle
387 1492 528 1548 osculetur
541 1491 647 1549 liltore.
691 1491 730 1548 El
744 1499 813 1549 lune
826 1494 940 1552 accedat
953 1493 993 1553 ad
1006 1493 1139 1552 dcxli-mn
1153 1513 1244 1552 ccmo

59 1568 177 1637 niliacis,
192 1579 217 1626 el
231 1570 328 1628 dicei:

175 1650 370 1723 Adjnterium
384 1656 516 1707 nostrum
530 1651 561 1706 in
576 1652 694 1708 nomine
709 1650 847 1711 Domini:

219 1731 276 1799 Qui
291 1731 361 1787 lecit
374 1730 476 1787 eaelum
490 1738 520 1787 et
535 1738 651 1789 terram.

178 1809 224 1877 sie
238 1829 343 1867 nomen
358 1811 479 1867 Domini
492 1811 696 1868 benedictum:

216 1890 264 1946 Ex
277 1890 340 1961 hoe,
356 1910 443 1960 nune,
460 1897 489 1948 ct
503 1909 595 1965 usque
609 1892 641 1947 in
655 1889 801 1949 saeoulum.

121 1969 204 2027 Dicto
220 1970 324 2043 Officio,
340 1971 489 2045 sequitur:

178 2049 273 2123 Kyrie
287 2049 411 2125 eleyson.
454 2050 569 2107 Christe
583 2050 706 2125 eleyson.
751 2049 846 2125 Kyrie
860 2050 984 2125 eleyson.

122 2129 181 2198 Qec
202 2131 278 2187 dieto
299 2140 344 2187 eol
357 2128 494 2187 Sacerdos
513 2132 554 2186 acl
569 2130 698 2188 medium
711 2129 833 2201 illiceris,
850 2140 876 2188 el
896 2130 1030 2189 elevando
1046 2151 1153 2191 manue
1165 2150 1246 2205 suec,

72 2207 138 2265 licol
152 2208 252 2266 Gloria
265 2210 297 2266 in
311 2209 432 2267 excelsis
446 2210 517 2266 Deo.

122 2364 158 2423 In
171 2367 264 2423 Feslis
277 2367 495 2442 Principalibue
508 2376 534 2424 el
547 2365 729 2442 Duplieibue,
745 2367 863 2425 (licetur
876 2367 922 2424 liic
935 2344 1057 2429 cautus:

258 2632 446 2690 (lle-ri-cc
494 2635 525 2689 in
566 2633 746 2690 ex-eel·sis
787 2628 916 2691 De-'o

125 2788 161 2847 Io
172 2791 263 2849 Pestis
276 2788 528 2866 Semicluplicilccm,
542 2791 659 2848 dicatur
671 2791 718 2848 liic
731 2800 834 2849 contus
844 2815 853 2849 :

219 3079 384 3137 Glo-ri·
414 3100 433 3136 a
481 3082 514 3136 in
559 3100 596 3136 ex
623 3112 633 3120 -
660 3080 772 3137 cel-sis
806 3079 908 3138 De-0.

129 3220 162 3280 ln
174 3224 265 3283 Fectio
276 3245 376 3281 novem
391 3205 566 3293 Leclioocicm
581 3233 607 3280 et
620 3223 653 3281 in
667 3224 838 3293 Dominicis,
853 3224 971 3281 dicatur
983 3223 1029 3282 liic
1043 3232 1165 3285 caelus:

218 3492 340 3550 Glo-ri
367 3525 379 3534 -
405 3510 424 3547 a
472 3491 504 3547 in
544 3490 729 3547 ex-eel·sis
786 3489 832 3547 De
858 3524 868 3534 ·
895 3511 920 3547 o.

132 3632 196 3695 llem
207 3639 242 3695 iu
254 3637 348 3696 Pestis
360 3655 458 3694 novem
472 3636 648 3706 Lectionum,
665 3646 690 3692 el
703 3634 737 3692 'ie
754 3636 924 3705 Dominicis,
939 3637 1056 3695 dicacur
1068 3638 1114 3696 lic
1128 3646 1252 3697 caletus:

158 3753 671 3867 ΞΕΞΓ-Ε-

240 3912 449 3970 Glo-n'·a
516 3911 548 3967 in
592 3910 778 3967 ex-cel-sis
806 3909 915 3968 De·o.

134 4064 167 4127 ln
177 4071 266 4129 Foslis
279 4071 371 4127 trium
384 4071 559 4138 lectionum,
574 4079 600 4126 el
613 4068 647 4125 in
661 4069 762 4139 Feriis,
778 4070 895 4126 dicotur
908 4069 954 4128 hic
967 4080 1087 4129 caelus:

160 4166 969 4351 Q

237 4359 437 4418 Glo·ri·a
490 4359 523 4415 in
556 4356 736 4414 ex-cel-sis
773 4356 888 4413 De-0.
