2804 4920
179 341 220 401 10
394 334 537 402 Sobboto
560 333 727 416 Quattuor
749 333 952 419 Tempotum
973 333 1159 401 Arlueotus.

241 501 347 562 Clerici
361 502 391 561 V.
435 502 538 561 Gloria
551 500 646 576 Patri,
661 508 691 559 et
705 501 792 575 Filio,
807 507 838 558 et
852 501 981 578 Spiritui
994 501 1113 561 Sancto.

239 584 360 643 Gitona.
498 584 539 641 Et
552 583 616 641 lsus
630 590 661 641 et
673 582 775 655 honor,
790 589 929 659 potestus,
944 590 976 640 et
988 584 1155 660 imperium.

239 664 345 724 Clerici
358 664 388 725 V.
431 665 516 723 Sicut
538 665 658 723 eratin
684 663 838 742 principio,
863 669 894 721 et
914 683 1003 735 nunc,
1024 672 1056 722 et
1077 684 1194 741 semper
1213 665 1249 723 in
1274 664 1370 725 surcula

177 746 357 805 saeculorum
400 747 510 805 Amen.

239 826 360 887 Oltoms.
497 827 539 885 Et
551 826 615 884 lsus
629 833 661 884 et
673 826 776 897 honor,
789 832 929 903 potestas,
943 832 974 884 et
987 826 1154 904 imperium.

238 908 351 967 Dcirulo
374 907 469 967 clerici
494 908 671 984 reincipiant
692 908 828 983 primum
856 908 974 967 Versum
997 907 1129 979 Tractus,
1147 917 1175 966 et
1189 916 1367 984 permutetur

178 1010 198 1046 a
220 988 321 1048 Cltoro.
365 989 406 1046 Et
420 999 521 1066 posteo
534 990 614 1048 dicat
626 988 773 1062 Sacerdos,
789 989 936 1047 Dominus
950 989 1111 1063 vobiscum,
1126 998 1153 1047 et
1167 988 1304 1049 Orcmus.

240 1068 350 1130 Oratio.

238 1150 328 1224 Deus,
343 1150 396 1228 qui
409 1151 504 1209 tribus
517 1151 616 1228 pueris
629 1150 773 1228 mitigasti
787 1150 919 1208 flammas
939 1150 1063 1227 ignium,
1078 1150 1205 1209 concede
1224 1150 1361 1229 propitius,

177 1237 212 1290 ut
225 1251 279 1289 nos
291 1231 417 1290 famulos
430 1238 497 1290 tuos
511 1252 571 1290 non
585 1238 692 1291 exurat
705 1232 824 1289 flemma
836 1233 987 1289 vitiorum.
1031 1232 1090 1290 Per
1103 1231 1277 1290 Dominum.

235 1311 332 1371 Nullo
344 1317 404 1389 fiat
417 1314 564 1388 numerio,
579 1314 640 1372 nisi
652 1314 772 1371 Festum
789 1313 881 1371 trium
893 1314 1064 1371 Lectionum
1077 1323 1219 1371 occurrat.

235 1392 285 1452 Au
300 1394 559 1453 Ylwssolmcicensee
571 1397 608 1472 (2
623 1394 654 1453 ii.
673 1395 746 1472 1-8).

236 1474 377 1534 Fratres:
398 1475 549 1552 Rogamus
572 1496 633 1548 vos,
655 1495 709 1553 per
728 1476 890 1533 adventum
914 1475 1037 1534 Domini
1057 1474 1153 1533 nostri
1172 1475 1194 1534 J
1196 1494 1249 1533 esu
1268 1470 1359 1533 christi

176 1576 267 1632 ‘usquc
280 1557 321 1614 od
333 1556 531 1615 illustratione
544 1557 690 1616 adventus
704 1558 757 1615 sui

236 1637 307 1695 Duo
321 1636 486 1697 Sacerdotes
500 1648 614 1697 cuntem
629 1638 864 1715 Responsorium.

238 1717 297 1787 Qui
311 1719 396 1796 regis,
413 1719 515 1793 Isruel,
530 1719 669 1778 intende:
690 1720 743 1797 qui
756 1719 875 1777 deducis
888 1719 973 1777 velut
986 1737 1072 1776 ovem
1085 1717 1208 1794 loseph.

184 1799 211 1857 V.
239 1798 299 1868 Qui
325 1800 407 1858 sedes
433 1820 521 1878 super
549 1801 709 1873 Cherubin,
734 1820 842 1878 uppurc
866 1821 964 1858 coram
985 1799 1137 1876 Ephraim,
1159 1797 1319 1876 Benjsmin,
1334 1800 1356 1850 el
1392 1796 1394 1811 '

177 1879 321 1939 Manusss

183 1960 211 2019 V.
238 1961 355 2034 Excita,
370 1962 508 2031 Domine,
522 1963 687 2040 potentium
700 1969 792 2036 tuam,
807 1968 838 2020 ct
851 1962 920 2020 veni
933 1984 939 2022 :
962 1968 998 2020 ut
1011 1961 1107 2022 salvos
1119 1960 1211 2019 sacius
1223 1979 1283 2018 nos.

236 2042 404 2102 Secundum
417 2044 532 2102 Lucum
544 2045 607 2122 (tii.
623 2045 669 2102 1-6
672 2045 695 2119 )

236 2124 330 2182 Anno
354 2125 572 2201 quintodecimo
596 2125 713 2202 imperii
737 2125 849 2184 Tiberii
871 2125 993 2184 Oaeseris
1015 2143 1107 2200 uroque
1130 2123 1173 2182 od
1196 2120 1288 2181 omnis
1306 2133 1354 2176 osto

176 2203 304 2263 salutare
318 2206 383 2264 Dei

240 2299 431 2376 Offertorium.

238 2381 352 2441 Exults
373 2385 453 2458 sutis,
477 2384 539 2443 filie
557 2384 646 2444 Sion:
670 2385 805 2462 prudice,
828 2384 890 2443 filis
912 2383 1121 2443 Hierusalem:
1147 2402 1213 2441 ecce
1235 2400 1288 2441 rex
1304 2384 1354 2436 tum

177 2462 278 2520 veniet
291 2464 355 2537 tibi,
371 2472 490 2523 sanctus
504 2472 534 2524 et
547 2466 682 2524 salvator.

237 2541 357 2604 Secrctt.
401 2546 538 2605 Ecclesim
551 2554 620 2621 tue,
636 2547 773 2618 Domine,
787 2567 911 2605 munera
924 2546 1080 2619 sanctifica,
1096 2551 1127 2602 et
1143 2543 1268 2603 concede
1279 2546 1309 2601 ut
1318 2552 1355 2617 pt!

176 2624 238 2683 haec
252 2627 419 2685 veneranda
432 2629 572 2705 mysteria
585 2648 659 2705 pone
673 2629 781 2688 caelesti
795 2628 875 2687 refici
888 2647 1059 2687 mereamur.
1103 2625 1169 2683 Per.

238 2707 379 2783 Prccfutio
393 2710 574 2784 quotidiana.

238 2788 419 2849 Commutato.

236 2869 395 2930 Exultuvit
409 2880 444 2930 ut
458 2872 539 2951 gigas
552 2872 590 2932 ud
603 2873 778 2931 currendum
793 2873 891 2931 viam:
912 2891 931 2929 a
944 2890 1059 2929 summo
1079 2869 1151 2928 coelo
1171 2866 1292 2946 egressio
1302 2862 1355 2938 ejus,

176 2957 207 3008 et
221 2969 355 3012 occursus
369 2955 433 3030 ojus
447 2975 539 3031 usque
553 2955 591 3013 ud
604 2975 752 3012 summum
767 2955 838 3029 ejus.

237 3049 478 3109 I'ustcomruunio.

238 3129 421 3204 Quaesumus,
442 3133 571 3189 Domine
593 3132 676 3190 Deus
698 3137 806 3198 noster,
828 3137 863 3188 ut
880 3136 1063 3189 sacrosancte
1080 3129 1221 3207 mysteria
1242 3146 1301 3205 quu
1317 3134 1355 3199 pro

177 3211 369 3286 repumtionis
392 3218 501 3269 nostrm
529 3212 693 3270 munimine
720 3212 881 3285 contulisti,
906 3220 937 3270 ct
960 3231 1087 3289 praesens
1110 3212 1196 3269 nobis
1219 3205 1356 3268 remedialn

177 3310 238 3349 esse
251 3291 340 3350 tucius
353 3299 384 3351 et
397 3293 539 3352 futurum.
584 3293 643 3352 Per
656 3294 827 3352 Dominum.

459 3501 620 3561 Dounucs
639 3518 762 3572 cusum
782 3517 942 3560 nnvnurus
963 3501 1092 3558 Donnu.

240 3637 379 3713 Officium.

238 3719 390 3778 Memento
411 3722 515 3793 nostri,
538 3722 675 3794 Domine,
695 3722 727 3779 in
749 3721 933 3798 beneplacito
954 3720 1057 3797 populi
1075 3720 1140 3777 tui:
1169 3719 1257 3777 uisite
1272 3734 1320 3774 nos
1337 3707 1370 3799 {ss

176 3798 299 3858 salutari
321 3805 392 3860 tuo:
422 3803 460 3860 erl
484 3803 645 3861 videndum
667 3804 698 3860 in
723 3803 856 3861 bonitate
881 3801 1041 3860 electorum
1065 3808 1194 3875 tuorum,
1219 3800 1251 3857 in
1273 3796 1372 3855 letius

176 3881 273 3960 gentis
286 3887 346 3939 turo
360 3903 366 3940 ι
387 3888 422 3940 ut
435 3884 563 3943 lauderis
576 3904 641 3943 cunr
657 3884 820 3942 hereditate
833 3890 893 3941 tus„

237 3963 286 4022 Pu.
330 3962 520 4023 Peccavimus
540 3985 607 4024 cum
620 3966 755 4042 putribus
768 3966 896 4038 nostris3
915 3965 1026 4042 injuste
1039 3964 1170 4041 egimus:
1191 3958 1378 4040 iniqnutem

176 4044 305 4103 fecimus.

239 4143 350 4202 Oratio.

237 4224 354 4297 Excitu,
380 4246 555 4303 qumsumuu,
585 4226 721 4297 Domine,
751 4227 914 4303 potentium
941 4233 1034 4299 tuum,
1058 4231 1089 4283 et
1116 4225 1193 4295 veni,
1217 4230 1248 4283 et
1273 4216 1388 4296 magu*

176 4306 261 4365 nobis
284 4308 398 4366 virtuto
421 4327 567 4378 succurre,
590 4314 626 4366 ut
650 4307 796 4366 auxilium
819 4309 920 4385 gratim
945 4315 1012 4379 ture,
1034 4306 1114 4383 quod
1135 4313 1237 4364 nostra
1261 4295 1391 4381 poccuf'¹⁸

176 4388 369 4465 prupcdiunt,
400 4388 585 4467 indulgentia
611 4394 671 4447 turc
703 4390 922 4467 propitiationis
954 4389 1101 4448 acceleret.
1159 4388 1219 4459 Qui
1245 4385 1318 4443 vivis
1350 4362 1391 4425 et

177 4487 280 4545 mgnus
293 4490 361 4530 cum
375 4470 441 4530 Deo
455 4470 552 4530 Putre.
