2804 4920
433 304 541 372 Misso
562 304 602 371 de
621 301 769 371 Nomius
789 303 879 371 Jesu
1196 306 1260 375 4⁵7

121 472 290 533 Secundum
303 473 478 532 Mallltaeum
490 471 528 550 (i,
544 469 665 550 uuus).

121 554 162 612 In
174 554 227 612 illo
240 562 381 633 tempore,
396 553 532 632 Angelus
545 552 669 612 Domini
681 553 820 632 apparuit
842 571 933 630 mque
945 553 987 612 ad
999 553 1152 613 nobiscum
1166 553 1256 613 Deus

168 635 314 694 erterium.

120 633 299 774 loirnomine
313 734 378 774 meo
386 713 531 774 damonia
543 713 664 792 ejicient
677 735 684 774 :
698 713 808 794 linguis
821 715 981 792 loquentur
989 715 1075 774 novis
1088 736 1095 775 :
1108 721 1259 793 serpentes

54 795 187 856 tollent:
208 804 239 855 ct
262 798 287 854 si
310 797 496 856 mortiferum
519 795 592 872 quid
615 795 752 870 biberint,
767 815 821 855 nos
840 796 883 855 eis
901 797 1040 856 nocebit:
1060 815 1148 874 super
1167 815 1259 873 agros

56 894 164 935 munus
177 876 340 954 imponent,
354 885 386 935 et
398 878 473 936 bene
485 875 645 949 habebunt,
659 875 794 953 alleluya.

118 1038 159 1096 In
181 1038 371 1098 veneratione
382 1038 512 1097 nominis
532 1037 632 1096 dilecti
646 1036 717 1095 Filii
736 1037 784 1096 tui
797 1036 921 1097 Domini
937 1038 1033 1097 nostri
1046 1037 1069 1099 J
1069 1057 1120 1097 esu
1134 1038 1256 1112 (ihr-isti,

57 1119 141 1177 Deus
168 1118 259 1179 Peter
285 1119 560 1191 misericordiarum,
589 1118 705 1177 devotis
731 1118 881 1178 mentibus
907 1119 1019 1177 hostias
1046 1120 1255 1193 immolamus3

56 1199 1256 1359 ffluililuilmtiruliiirgoeigiiiiominffilleetilnrttllsiesdmuiliiismeiiitpliouriosifflsii

56 1368 188 1437 quantur
199 1361 344 1443 effectum.
385 1361 452 1420 Per.

119 1440 301 1503 Omnmumb.

117 1521 260 1581 Vincenti
282 1523 358 1581 dabo
372 1541 481 1582 menna
492 1521 704 1594 absconditum,
726 1528 758 1580 ot
769 1522 845 1581 dabo
858 1521 905 1580 illi
917 1521 1062 1581 calculum
1074 1522 1230 1581 candidum
1244 1546 1251 1582 ε

55 1609 88 1661 et
101 1602 133 1659 in
146 1603 257 1662 calculo
270 1623 381 1663 novum
393 1622 502 1662 nomen
515 1604 667 1680 scriptum,
681 1603 760 1680 quod
773 1622 860 1663 nemo
872 1602 957 1661 novit
970 1604 1028 1662 nisi
1042 1604 1094 1681 qui
1106 1604 1220 1681 accipit.

117 1684 357 1743 Postconemunio.

117 1764 306 1824 Sacrosanctu
318 1765 458 1843 mysteria
471 1784 537 1842 quse
550 1764 736 1842 sumpsimus,
750 1764 887 1837 Domine,
907 1765 946 1822 ad
959 1765 1098 1824 honorem
1112 1765 1252 1842 complue

52 1844 200 1904 entissimi
214 1845 337 1904 Domini
351 1846 447 1904 nostri
458 1847 480 1905 J
482 1865 534 1904 esu
547 1846 661 1904 Christi
673 1847 788 1904 devotis
807 1845 944 1904 cordibus
956 1845 1125 1917 recolentes,
1139 1864 1252 1922 quaesu-

54 1945 129 1996 mus,
141 1937 176 1984 ut
184 1927 366 1986 incrementa
378 1927 540 2004 spiritualis
550 1926 757 1986 exsultetionis
769 1927 855 1985 nobis
866 1925 1059 1998 accumulent,
1069 1933 1101 1985 et
1113 1927 1250 1986 affectum

50 2013 188 2064 nostrum
215 2007 253 2066 sd
276 2008 330 2068 hoc
354 2007 539 2067 salutiferum
558 2026 666 2066 nomen
688 2008 802 2084 jugiter
827 2007 1056 2085 imprimendum
1079 2008 1248 2079 accendant,

48 2096 83 2145 et
111 2087 149 2146 ad
171 2088 362 2166 jubilandum
388 2089 421 2146 in
447 2088 522 2147 Jesu
548 2087 693 2146 salvatore
719 2094 821 2147 nostru
847 2087 1022 2163 dulcissimo,
1051 2094 1115 2147 tots
1141 2088 1250 2147 mentis

46 2169 219 2228 attentione
232 2176 431 2246 promoveant.
475 2170 533 2227 Per
545 2168 678 2228 eundem.
