2806 4920
445 310 495 376 Ia
516 309 703 376 Natiuitatis
723 309 877 377 Domini.
1221 317 1261 378 15

115 478 264 537 Mernoria
278 479 312 536 de
325 487 425 536 sancta
438 476 599 536 Anastasia
612 499 679 536 cum
691 478 745 536 liae
760 478 904 537 Oratiom.
949 478 1058 537 Orat-io.

116 572 175 641 Da,
192 590 366 648 quaesumus,
381 571 567 648 omnipotens
588 571 681 642 Deus,
696 577 732 628 ut
751 571 804 648 qui
824 572 917 629 beatae
934 571 1103 630 Anastasia
1123 574 1263 649 martyris

55 660 115 746 ture
145 652 300 710 sollemnia
322 651 454 724 colimus,
478 651 541 728 ejus
564 651 643 728 apud
670 658 701 710 te
723 652 888 729 patrocinia
909 653 1078 712 sentiamus.
1122 653 1182 712 Per
1205 655 1264 713 Dc

54 754 181 791 minum.

93 867 96 872 ·
116 832 189 890 Istae
202 833 270 889 duae
284 830 435 890 Oratim
448 829 697 905 sinaulfluicatur
710 831 762 888 aab
777 852 837 889 uuo
851 831 910 890 Per
923 831 1095 890 Dominum.

116 919 214 988 Lectio
227 929 326 987 Esaia
339 929 489 1006 Proplutoe
506 929 575 1004 (lai.
594 929 650 1001 1-3‚
665 929 726 987 dcii.
745 929 865 1005 11-12).

117 1027 194 1084 Haec
208 1026 281 1084 dicit
295 1026 450 1100 Dominus,
466 1026 594 1103 Spiritus
608 1025 733 1084 Domini
746 1045 834 1103 super
847 1045 894 1084 me
914 1047 1005 1103 casqaw
1026 1029 1066 1085 ad
1086 1027 1233 1105 redempti
1246 1048 1264 1086 a

56 1109 189 1166 Domino
203 1108 268 1165 Deo
281 1113 390 1165 nostro.

118 1205 189 1264 Sina
202 1205 362 1264 inmundo.

118 1304 169 1362 Ad
184 1305 284 1362 Titum
301 1305 358 1381 (
321 1325 365 1362 aaa
382 1305 411 1360 4
413 1303 430 1362 7
432 1304 459 1380 )

119 1398 277 1456 Carissimo
277 1388 449 1475 ‚Apparuit
463 1398 630 1476 benignitas
640 1418 742 1479 usque
743 1399 784 1456 ad
796 1417 880 1475 spem
889 1398 959 1456 vitae
973 1399 1112 1458 aeternae
1102 1419 1135 1457 m
1146 1399 1265 1459 Christo
1275 1419 1279 1430 “

57 1481 79 1538 J
80 1499 132 1538 esu
147 1479 279 1538 Domino
293 1486 402 1537 nostro.

118 1575 306 1716 gbirdedidtm
319 1656 372 1734 qui
385 1657 469 1716 venit
488 1657 521 1716 in
541 1657 661 1715 nomine
682 1657 824 1717 Domini:
846 1657 928 1716 Deus
942 1658 1099 1733 Dominus,
1113 1664 1144 1717 et
1164 1658 1266 1717 illuxit

57 1738 152 1877 lffblg.
166 1819 297 1878 Domino
309 1818 421 1877 sactum
436 1825 501 1877 est:
524 1826 555 1878 et
568 1826 613 1877 est
626 1820 760 1877 mirabile
773 1821 805 1876 in
820 1820 912 1878 oculis
925 1821 1041 1878 nostris.

117 1899 270 1977 Alleluya
319 1901 348 1959 V.
371 1900 518 1958 Dominus
539 1900 682 1977 regnavit,
701 1901 835 1960 decorem
856 1900 972 1959 induit:
996 1900 1096 1960 induit
1118 1902 1291 1961 Dominus·

58 1982 278 2055 fortitudinem,
293 1986 323 2039 et
336 1982 493 2059 praecinxit
506 2001 536 2039 se
550 1982 670 2040 virtute.

93 2108 105 2147 ¹.
117 2085 284 2162 Sequentia.

181 2179 304 2237 Oaeleste
318 2198 460 2256 organum
474 2178 562 2236 hodie
575 2179 675 2236 sonuit
688 2179 721 2236 in
736 2184 821 2238 terra

180 2260 234 2318 Ad
247 2267 366 2337 partum
380 2260 516 2336 Virginis
530 2280 668 2335 superum
683 2260 791 2318 cecinit
804 2257 943 2318 catervas

85 2363 99 2374 ·
181 2341 263 2410 Quid
277 2341 358 2414 facis,
372 2339 502 2398 humana
516 2341 611 2412 turba,
628 2361 682 2398 cur
694 2361 755 2398 non
772 2342 881 2418 gaudes
895 2361 961 2399 cum
976 2343 1103 2419 superal

180 2422 299 2499 Vigilat
311 2428 462 2499 pastorum
477 2441 563 2479 cura:
584 2442 645 2479 vox
658 2422 779 2480 auditur
792 2423 932 2499 angelica.

181 2503 353 2562 cantabant
366 2503 478 2579 inclyta
492 2502 630 2574 carmina,
647 2503 734 2578 plena
748 2523 817 2579 pace
831 2509 861 2560 et
875 2503 976 2580 gloria

180 2584 234 2642 Ad
248 2583 400 2643 Christum
414 2584 546 2641 referunt
559 2585 687 2660 propria,
702 2584 788 2641 nobis
801 2591 914 2642 canunt
927 2605 965 2642 ex
978 2585 1081 2660 gratia.

181 2665 247 2723 Nec
261 2670 434 2724 cunctorum
448 2669 519 2721 sunt
532 2665 594 2721 baec
607 2664 693 2736 dona,
708 2665 763 2721 sed‘
773 2685 855 2722 mens
869 2685 996 2741 quorum
1009 2665 1067 2723 erit
1080 2665 1164 2722 bona

181 2746 214 2804 N
215 2766 254 2803 on
268 2752 339 2804 sunt
352 2745 485 2803 absolute
499 2744 577 2817 data,
593 2745 764 2802 differenter
777 2752 847 2803 sunt
861 2746 983 2822 prolata.
1318 2811 1321 2818 1

181 2827 318 2885 Affectus
335 2826 451 2884 deserat
463 2826 557 2883 vitia:
583 2832 613 2882 et
635 2826 676 2882 sic
697 2826 783 2882 nobis
804 2846 864 2902 pax
888 2833 934 2883 est
955 2825 1015 2899 illa,
1030 2826 1101 2902 quia
1118 2827 1203 2885 bonis
1221 2833 1266 2884 est

262 2927 408 2985 permissa

180 2990 202 3049 J
204 2994 358 3067 unguntur
379 2989 491 3065 superis
513 2995 616 3059 terrea,
640 2988 678 3045 ob
700 2986 756 3046 hoo
776 2987 895 3066 quidem
916 2987 981 3046 laus
1002 2994 1046 3046 est
1063 2989 1188 3065 juncta,
1215 2989 1266 3047 sed

263 3070 401 3128 decenter
413 3071 449 3127 fit
462 3070 563 3128 divisa

180 3150 294 3223 Gaude,
310 3151 408 3223 homo,
422 3170 490 3209 cum
504 3150 659 3226 perpendis
672 3150 751 3208 talia

182 3232 296 3302 Gaude,
311 3251 386 3302 caro,
400 3231 479 3288 facta
491 3231 587 3289 Verbi
600 3231 685 3289 socia.

181 3312 337 3371 Nuntiant
351 3314 414 3389 ejus
428 3319 526 3369 ortum
540 3312 645 3384 sidera,
661 3311 737 3369 Nati
750 3331 803 3389 per
816 3311 932 3369 indicia.

180 3394 295 3452 Ineunt
308 3393 396 3452 duces
407 3413 529 3470 gregum
543 3393 649 3449 limina
662 3393 837 3451 Bethlehem
851 3412 944 3470 usque
957 3393 1076 3471 praevia.

180 3475 343 3533 Invenitur
355 3494 409 3532 rex
423 3475 560 3531 caelorum
574 3474 653 3531 inter
666 3474 812 3531 animalia.
944 3534 952 3554 Ι

181 3557 262 3614 Arto
272 3556 352 3631 jacet
365 3556 397 3612 in
410 3556 535 3632 praesepi
548 3554 616 3612 Rex
630 3555 682 3630 qui
695 3554 766 3612 fecit
780 3553 887 3612 omnia

180 3636 276 3695 Stella
289 3637 386 3707 maris,
402 3656 489 3713 quem
503 3642 538 3693 tu
552 3637 638 3712 paris,
654 3635 725 3693 colit
739 3635 800 3692 haec
814 3634 942 3694 ecclesia.

181 3718 247 3795 Ipsi
261 3725 362 3775 nostra
374 3736 428 3793 per
441 3724 471 3774 te
484 3718 534 3794 piu
547 3716 681 3793 placeant
695 3716 835 3774 servitia:

181 3799 336 3858 Resonant
349 3804 456 3856 cuncta
468 3797 626 3874 redempta

118 3904 290 3965 Secundum
303 3904 416 3962 Laecam
429 3903 478 3981 (ii.
497 3903 611 3982 15-20).
665 3922 666 3926 ¹

112 3999 160 4057 ·In
187 3994 241 4056 illo
268 4005 409 4073 tempore,
438 3996 575 4054 Pastores
606 3996 803 4074 loquebantur
830 3997 869 4055 ad
896 3996 1025 4055 invicem
1052 4017 1143 4073 espace
1170 3999 1211 4056 ad
1237 4005 1268 4056 et

57 4080 207 4152 viderant,
223 4079 300 4137 sicut
314 4079 427 4136 dictum
442 4085 487 4136 cst
501 4079 539 4136 ad
553 4077 626 4137 illos.

120 4160 225 4220 Credo.

122 4266 317 4342 offertorium.

121 4359 203 4419 Deus
224 4359 306 4418 enim
327 4359 458 4418 firmavit
480 4359 581 4417 orbem
606 4365 702 4431 terrae,
726 4359 778 4437 qui
801 4379 861 4418 non
883 4359 1136 4419 commovebitur:
1165 4367 1270 4438 parata

52 4441 142 4502 sedes
154 4448 218 4516 tna,
234 4440 325 4516 Deus,
339 4461 377 4500 ex
390 4447 463 4500 tuno
471 4463 481 4512 ;
501 4461 519 4498 a
533 4441 638 4499 saeculo
655 4448 689 4499 tu
703 4460 742 4500 cs.
