2804 4920
542 334 673 420 Kyra'es.
708 392 711 398 .

586 525 647 587 IX.

485 642 556 701 Rnx
576 657 741 701 vrnomun.

167 757 243 816 Rex
256 757 407 835 virginum
420 763 544 831 ametor,
558 756 648 829 Deus,
663 756 769 814 Maris
783 755 879 828 decus,
894 756 1020 832 eleyson

178 838 239 908 Qui
251 839 288 896 de
301 839 393 916 stirpe
406 840 488 916 regia
501 840 580 896 clara
592 836 729 915 producis
743 836 882 908 Mariam,
895 837 1022 913 eleyson.

177 919 282 978 Preces
295 921 359 997 eius
372 921 486 995 suscipe
499 920 603 996 dignas
615 939 670 996 pro
682 917 793 976 mundo
806 918 894 988 fusas,
908 918 1034 989 eleyson.

176 1000 302 1073 Christe,
317 1001 400 1059 Deus
413 1000 449 1058 de
463 1000 561 1072 Patre,
576 1001 664 1058 homo
677 1005 765 1058 notus
779 999 877 1057 Maris
890 1005 994 1071 matre,
1008 996 1134 1075 eleyson.

176 1082 272 1152 Quem
284 1088 389 1139 ventre
402 1082 488 1140 beato
502 1081 600 1138 Maria
613 1080 707 1138 edidit
720 1079 838 1152 mundo,
855 1079 980 1156 eleyson

177 1163 267 1221 Sume
280 1162 382 1220 laudes
394 1170 509 1220 nostras
523 1161 628 1220 Mariae
641 1162 726 1219 almae
740 1161 860 1231 dicatas,
874 1161 998 1238 eleyson.

178 1242 204 1302 0
219 1244 376 1315 Paraclite,
390 1244 569 1301 obumbrans
582 1262 687 1320 eorpus
701 1242 816 1313 Maria,
830 1240 954 1317 eleyson.

177 1325 238 1395 Qui
251 1325 374 1401 dignum
387 1323 459 1382 facis
471 1324 636 1382 thalamum
649 1330 752 1400 pectus
766 1322 880 1395 Marias,
894 1322 1021 1398 eleyson.

177 1404 238 1474 Qui
251 1425 339 1481 super
352 1406 436 1463 caelos
449 1404 587 1481 spiritum
600 1405 681 1463 levas
695 1404 810 1477 Mariae,
825 1404 951 1479 eleyson.

179 1486 238 1545 Fac
247 1506 301 1545 nos
310 1493 378 1563 post
386 1487 481 1563 ipsam
492 1486 630 1544 scandere
640 1492 694 1543 tua
703 1486 825 1557 virtute,
838 1485 967 1562 Spiritus
976 1483 1062 1555 alme,
1073 1482 1199 1560 eleyson.
1312 1480 1315 1493 '

597 1685 637 1742 X

461 1800 628 1871 Coronos,
651 1799 766 1857 Krrun

101 1916 250 1990 Conditor,
265 1916 370 1993 Kyrie,
385 1917 526 1988 omnium,
539 1936 630 1993 ymas,
645 1922 855 1987 creaturarum,
868 1915 994 1992 eleyson.

100 1997 144 2055 Tu
157 2005 258 2056 nostra
272 1998 370 2056 delens
384 1999 517 2069 crimina,
531 1998 617 2055 nobis
629 1997 808 2056 incessanter
821 1997 945 2073 eleyson.

99 2078 147 2136 Ne
159 2080 238 2136 sinas
251 2078 347 2155 perire
360 2078 506 2137 lecturam
519 2085 611 2151 tuam,
627 2078 676 2136 sed
690 2078 817 2136 clemens
830 2078 858 2136 ei
870 2078 996 2153 eleyson

99 2159 223 2231 Christe,
240 2159 341 2217 Patris
354 2160 448 2232 unice,
464 2165 553 2218 natus
566 2160 603 2217 de
616 2160 740 2236 virgine,
754 2159 840 2217 nobis
853 2159 978 2234 eleyson.

98 2239 248 2298 Mundum
261 2240 409 2317 perditum
422 2242 476 2318 qui
488 2247 541 2298 tuo
554 2241 696 2316 sanguine
709 2240 830 2297 salvasti
843 2239 879 2298 de
892 2244 995 2312 morte,
1005 2236 1130 2316 eleyson.

99 2322 148 2379 Ad
161 2328 192 2380 te
204 2340 285 2379 nunc
299 2321 478 2380 clamantum
492 2341 590 2398 preces
603 2321 771 2394 exaudiens,
785 2321 852 2398 pius
865 2321 991 2397 eleyson

99 2402 227 2479 Spiritus
241 2402 327 2474 alme,
341 2408 394 2460 tua
406 2422 459 2460 nos
473 2402 552 2479 reple
564 2403 670 2479 gratia,
684 2403 809 2478 eleyson.

98 2484 130 2541 A
143 2483 233 2542 Patre
248 2489 279 2542 et
292 2490 363 2542 nato
376 2484 429 2559 qui
443 2503 544 2541 manas
551 2483 675 2560 jugiter,
690 2484 775 2541 nobis
788 2483 913 2560 eleyson.

99 2563 229 2623 Trinitas
243 2584 312 2634 uns,
326 2564 407 2621 trina
419 2564 527 2634 unitas,
542 2563 630 2621 simul
643 2563 798 2636 adoranda,

101 2644 279 2704 Nostrorum
292 2645 434 2703 scelerum
447 2645 546 2703 vincla
558 2644 670 2703 resolve
684 2645 829 2703 redimens
842 2664 861 2702 a
873 2651 977 2702 morte.

104 2724 210 2784 Omnes
224 2726 437 2804 proclamemus
450 2746 529 2784 nnnc
541 2745 612 2784 voce
625 2725 772 2796 dulciflua,
786 2724 877 2798 Deus,
891 2726 1016 2802 eleyson

586 2928 645 2986 XI.

449 3040 565 3115 Krine,
586 3042 791 3100 Onnrrorsrs.

105 3151 204 3229 Kyrie,
219 3153 406 3231 omnipotens
419 3155 517 3227 Pater,
532 3155 672 3232 ingenite,
687 3157 771 3214 nobis
784 3155 898 3214 miseris
910 3155 1036 3231 eleyson

106 3232 206 3310 Kyrie,
225 3235 279 3311 qui
290 3236 410 3312 proplio
422 3235 535 3313 plasma
548 3243 634 3294 tuum
648 3236 726 3294 Filio
739 3237 897 3308 redemisti,
912 3237 1037 3312 eleyson.

107 3312 207 3391 Kyrie,
220 3315 359 3393 Adonsy,
373 3324 475 3375 nostra
487 3317 552 3375 dele
565 3318 696 3390 crimina,
711 3317 848 3394 plebique
860 3324 920 3375 tuse
933 3317 1060 3394 eleyson

107 3392 226 3469 Christe,
241 3397 380 3473 splendor
392 3398 501 3474 glorie,
516 3398 674 3475 Patrisque
687 3399 782 3474 figura
795 3399 978 3469 substantiae,
991 3398 1117 3474 eleyson

111 3472 228 3550 Christe,
242 3477 342 3535 Patris
355 3479 407 3555 qui
419 3479 564 3536 mundum
576 3486 722 3556 praecepto
735 3479 864 3551 salvasti,
879 3480 964 3538 nobis
978 3480 1103 3556 eleyson

113 3553 228 3631 (lhriste,
243 3558 322 3616 solus
336 3559 490 3617 hominum
504 3560 624 3636 vitaque
637 3567 749 3618 aeterna
761 3561 940 3637 angelorum,
955 3562 1082 3639 eleyson

114 3632 208 3711 Kyrie,
222 3639 352 3715 Spiritus
366 3639 519 3713 Paraclite,
534 3640 657 3717 largitor
666 3642 768 3712 venite,
782 3641 868 3699 nobis
881 3641 1006 3717 eleyson.

115 3712 207 3792 llyrie,
221 3720 289 3777 fons
301 3720 516 3794 misericordis,
530 3721 709 3799 septiformis
721 3722 832 3798 gratie,
845 3723 971 3800 eleyson

118 3792 208 3872 Kyrie,
220 3800 355 3859 indultor
368 3801 507 3878 piissime,
521 3803 679 3880 procedens
692 3804 730 3861 ab
743 3810 877 3880 utroque,

117 3873 320 3940 Ulsrismatum
333 3882 420 3941 dator
432 3883 602 3961 largimine,
617 3884 720 3943 doctor
732 3884 857 3957 vivifice,
873 3884 1000 3942 clemens
1013 3884 1137 3961 eleyson

579 4069 657 4128 XII.

437 4183 552 4258 Krsm,
573 4183 645 4242 Rnx
665 4200 804 4244 sermon

185 4297 289 4376 Kyn‘e,
304 4317 359 4357 rex
370 4298 487 4376 genitor
500 4299 638 4376 ingenite,
653 4319 723 4358 vera
735 4301 870 4372 essentia,
885 4301 1010 4377 eleyson

185 4378 290 4456 Kyrie,
304 4379 428 4442 luminis
440 4380 506 4438 fons
519 4387 550 4438 et
562 4400 661 4438 rerum
675 4380 817 4453 conditor,
832 4382 959 4458 eleyson.

186 4459 290 4539 Kyrie,
305 4460 358 4538 qui
371 4476 425 4519 nos
437 4468 497 4520 tua
511 4461 648 4539 imaginis
662 4461 786 4540 signasti
798 4463 902 4540 specie,
917 4463 1033 4539 eleyson
