2804 4920
382 318 474 381 Dour.
493 298 549 382 ¹sur.
569 325 645 401 post
670 317 880 384 Trinitatem.
1168 318 1241 386 207·

86 482 254 541 &erendum
267 483 443 542 illattltaeurn
456 484 537 560 (xiii.
551 485 666 561 36-43).

88 562 127 621 In
154 564 206 621 illo
232 572 373 640 tempore,
399 566 598 623 Accesserant
624 567 661 623 nd
688 565 793 623 Jesum
822 566 959 643 discipuli
986 568 1058 641 ejus,
1083 565 1233 623 dicentes:

82 645 166 703 lesere
180 646 266 703 nobis
279 647 446 722 parabolam
462 647 556 704 tritici
570 655 601 704 et
615 648 792 704 zizaniorum
807 649 870 723 agri
891 669 982 722 usque
999 650 1040 704 orl
1060 647 1143 704 Tunc
1159 647 1236 723 justi
1319 662 1328 673 ·

82 726 184 863 peliunt
197 727 275 785 sicut
288 727 332 784 sol
350 728 383 784 in
401 747 492 805 regno
511 728 610 785 Putris
629 747 738 785 eorum.
784 729 843 798 Qui
864 729 955 786 habet
976 749 1063 786 sures
1084 727 1239 797 audiendi,v

88 814 138 866 rat.

513 967 611 1024 ans
637 968 746 1025 Ssxrn.

89 1094 137 1152 Ad
150 1094 298 1153 Romcrws
311 1096 392 1167 (xiii.
412 1096 458 1152 1-4
465 1098 485 1168 ).

89 1176 227 1234 Fratres:
243 1177 348 1235 Omnis
362 1178 461 1234 unimu
474 1177 671 1254 potestutibns
685 1176 908 1233 sublimioribus
922 1197 1013 1250 risque
1026 1179 1067 1234 od
1081 1177 1192 1235 vindex
1202 1178 1234 1234 in

82 1278 105 1314 m
118 1259 154 1327 ei,
170 1259 222 1334 qui
236 1258 313 1315 mule
326 1259 396 1334 agit.

89 1350 256 1408 Secundum
269 1350 444 1407 illarthoeum
458 1351 525 1426 (rit.
540 1351 654 1427 lss-ll).

91 1431 129 1488 In
155 1432 208 1488 illo
235 1438 376 1508 tempore,
398 1432 488 1489 Dixit
514 1433 603 1489 Jesus
627 1432 779 1508 discipulis
806 1433 885 1489 suis:
914 1432 1021 1490 Omnis
1052 1451 1240 1509 quecunque

85 1513 122 1569 tis
134 1534 226 1587 usque
239 1513 282 1570 od
293 1514 381 1590 pauci
396 1524 467 1570 sunt
481 1514 533 1589 qui
546 1513 707 1569 inveniunt
721 1532 793 1570 eam.

456 1749 616 1805 Donrsun
637 1748 802 1805 Vrcssrns.

94 1846 232 1921 Officiunr.
727 1917 730 1923 Δ

92 1928 198 1984 Omnia
211 1948 277 2004 quae
292 1927 389 1984 fecisti
403 1928 496 1997 nobis,
512 1926 650 1995 Domine,
665 1927 697 1982 in
711 1925 904 1999 verojudieio
918 1926 1031 1983 fecisti:
1053 1927 1123 2003 quis
1137 1947 1234 2003 peccu-

82 2028 127 2065 lus
139 2009 204 2079 tibi,
217 2016 248 2065 et
263 2009 410 2065 mandatis
420 2009 481 2065 tuis
495 2028 555 2064 non
569 2008 770 2064 obedivimus:
791 2007 841 2063 scd
852 2009 890 2063 (ln
903 2007 1027 2083 gloriam
1042 2009 1156 2064 nomini
1170 2016 1232 2079 tuo,

82 2089 118 2147 lae
132 2091 284 2147 nobiscum
297 2090 460 2147 secundum
474 2089 698 2145 multitudinem
712 2089 919 2145 misericordius
933 2096 1001 2146 tuae.

93 2183 235 2241 Psalmue.

93 2263 219 2340 Magnus
230 2265 377 2321 Dominus
391 2270 422 2321 et
435 2262 591 2320 laudabilis
602 2263 691 2321 nimis
703 2284 709 2318 :
724 2262 755 2318 iu
769 2262 892 2320 civitate
903 2263 961 2321 Dei
975 2264 1078 2333 nostri,
1090 2264 1122 2321 in
1133 2270 1244 2322 monte¹

82 2352 130 2402 icto
143 2348 214 2421 ejus.

95 2436 200 2497 Oratio.

94 2518 285 2595 Omnipotens
305 2526 336 2576 ct
355 2519 519 2576 misericors
542 2518 631 2579 Deus,
656 2518 795 2574 universa
816 2519 902 2574 nobis
926 2518 1114 2576 adversantia
1138 2520 1234 2596 propi·

82 2607 122 2656 tus
145 2601 286 2672 exelude3
316 2608 351 2656 ut
375 2608 473 2657 mente
502 2610 531 2656 ot
559 2620 678 2675 corpore.
705 2600 818 2675 pariter
839 2601 980 2675 expediti,
996 2620 1063 2675 quae
1086 2608 1139 2657 tuu
1163 2607 1234 2658 sunt

82 2683 129 2738 eris
142 2683 292 2739 mentibus
306 2701 509 2757 exsequamur.
554 2682 618 2738 Por.

95 2775 138 2832 Ad
152 2776 293 2851 Ephesios
305 2775 347 2850 (r.
363 2776 476 2851 15-21).

95 2856 227 2914 lintres:
248 2856 369 2926 Videte,
381 2857 526 2933 quomodo
541 2862 626 2913 caute
640 2853 797 2912 ambuletis
811 2874 898 2928 nsque
912 2856 952 2911 ad
966 2855 1091 2930 subjecti
1105 2855 1233 2913 invicem

82 2937 180 2994 timore
196 2938 317 2996 Christi.

97 3029 226 3089 Grorlole.
592 3072 594 3077 -

95 3111 175 3169 Oculi
200 3113 333 3170 omnium
357 3111 389 3168 in
417 3119 447 3169 te
467 3118 596 3188 spenmt,
623 3111 770 3168 Domine:
799 3116 830 3167 et
853 3117 888 3165 tn
912 3109 964 3166 «lus
991 3109 1051 3166 illis
1078 3129 1173 3168 escam
1201 3110 1234 3168 in

82 3211 161 3267 npore
175 3202 351 3270 opportune.

104 3273 127 3329 V.
152 3276 262 3350 Aperis
276 3282 310 3331 tu
325 3294 445 3331 manum
460 3286 561 3331 tuum:
583 3282 612 3330 et
626 3273 731 3348 imples
745 3291 831 3329 omne
845 3270 954 3329 animal
969 3271 1180 3331 benedictione.

99 3354 219 3412 Grurlole
233 3356 390 3412 reiteretur.

98 3436 240 3512 Alleluya.
291 3437 319 3493 l'.
344 3437 403 3506 Qui
424 3437 577 3493 confidunt
591 3435 623 3491 in
638 3435 769 3493 Domino
783 3434 858 3490 sicut
874 3454 958 3491 mons
973 3434 1061 3492 Sion:
1084 3454 1144 3492 non
1158 3456 1234 3493 com-

82 3517 200 3575 ›rebitnr
214 3520 246 3574 in
261 3526 416 3590 eternum,
433 3518 485 3593 qui
500 3517 660 3574 habitatin
677 3515 874 3573 Hierusalem.

98 3610 257 3668 Serrrndum
272 3610 446 3668 Mortuum»
466 3611 553 3686 (urii.
575 3611 614 3666 l-l
624 3612 666 3683 l).

99 3690 131 3748 ln
152 3693 201 3749 illo
222 3700 363 3768 tempore,
380 3693 570 3768 Loquelintur
583 3692 671 3749 Josus
689 3711 755 3747 cum
770 3689 922 3765 discipulis
943 3691 1003 3746 suis
1024 3690 1056 3746 in
1077 3690 1233 3766 parobolis,

82 3790 145 3839 'ens3
167 3773 269 3830 Simile
283 3775 394 3830 factum
408 3780 453 3830 est
466 3793 590 3847 regnum
605 3772 741 3829 erulorum
755 3771 869 3828 homini
884 3771 954 3847 regi,
968 3771 1020 3847 qui
1033 3772 1104 3829 lecit
1114 3772 1234 3848 nuptias

84 3871 101 3906 ο
112 3874 160 3910 sno
179 3875 269 3930 nsque
283 3856 324 3912 ad
345 3855 437 3911 Multi
451 3856 528 3911 enirn
545 3861 616 3910 sunt
630 3853 737 3924 vocati,
752 3854 838 3928 panici
853 3873 922 3909 voro
936 3853 1030 3911 electi.

102 3932 194 3992 l‘rcdo.

104 4024 286 4098 offertorium.

103 4106 185 4183 Super
204 4111 329 4168 flumina
343 4110 512 4187 Babylonis,
528 4110 589 4167 illio
610 4111 738 4167 serlimus
759 4117 789 4166 et
810 4109 962 4165 flevimus:
985 4109 1053 4166 duni
1073 4107 1234 4165 recordare-

82 4201 111 4238 nr
122 4190 170 4260 tui,
185 4191 264 4249 Sion.

107 4279 213 4341 Secreta.

107 4358 169 4420 Huc
183 4385 313 4436 munero,
328 4386 504 4443 quesumus,
521 4366 658 4425 Domine.
674 4386 738 4440 qun·
760 4364 852 4421 oeulis
873 4372 932 4422 turo
955 4365 1117 4441 rnnjestatis
1138 4364 1234 4422 offeri-

84 4445 337 4506 insalutarium
351 4449 436 4505 notis
450 4448 583 4505 concede.
631 4448 692 4504 Per.
