2806 4920
176 338 240 404 426
577 336 692 402 Missa
711 357 776 423 pio
797 334 983 424 Defiiudia

176 503 278 644 'mlo
299 502 865 581 MiundedieeeldePoeeoelpro
887 503 1359 581 Femidieribmdionntoepm

239 666 365 738 Quande
388 665 528 725 Sacerdos
547 665 624 724 dene
644 664 772 724 Missam
792 664 936 725 oelebrem
951 674 1019 742 poet
1039 665 1135 725 Pater
1153 672 1268 740 noster,
1280 666 1361 724 dens

176 745 237 805 Per
257 748 357 806 omnia
377 747 484 805 saeouls
504 748 687 818 soculorum,
710 756 869 822 amaeam
890 749 972 806 dieat
995 745 1064 806 Pax
1085 746 1224 820 Domini,
1249 747 1362 806 diem

175 828 210 886 a·
232 828 347 886 Psalmi
367 849 388 885 e
410 828 562 888 meroe
582 849 651 886 eum
671 827 831 900 Ministrie,
846 837 873 886 et
892 828 1029 886 similiter
1041 849 1063 886 e
1077 827 1179 888 olam
1192 829 1247 888 ut
1263 828 1361 899 aas

176 907 306 967 videlieet
320 909 467 981 Peelmue,
483 910 614 967 Domine
629 910 663 966 in
675 910 790 966 virtute
801 929 810 980 ;
831 907 881 967 Pe.
904 909 990 967 Dens
1004 909 1187 968 miserentur
1198 911 1311 981 nostri5
1326 907 1361 966 h

176 988 309 1047 Laetatns
321 1010 396 1048 snm
439 990 536 1048 Dictis
549 989 687 1061 Psalmis,
701 990 840 1049 dicata.-
861 989 960 1065 Kyrio
973 989 1102 1066 eleyson,
1117 990 1243 1049 Christe
1259 991 1362 1067 seyne,

178 1070 275 1146 Kyrie
289 1070 417 1147 eleyson,
432 1071 525 1129 Peter
536 1078 646 1130 noster.
688 1070 829 1130 Seeerdoe
848 1071 929 1129 dieat
948 1071 1003 1130 eud
1021 1080 1094 1130 mea
1113 1070 1161 1130 Et
1172 1091 1288 1146 nem
1299 1068 1363 1148 qud

502 1231 640 1302 Domine,
655 1231 772 1290 salvum
784 1231 831 1291 feo
845 1251 953 1309 regem.

500 1313 624 1371 Salvum
637 1313 684 1371 fae
697 1312 840 1390 populum
853 1319 949 1386 tuum,
965 1312 1104 1372 Domine.

501 1392 572 1451 Fiet
586 1413 645 1468 pax
658 1394 690 1451 in
704 1394 817 1452 virtute
831 1401 892 1452 tna

503 1474 632 1532 Domine
646 1475 729 1532 Deus
742 1476 899 1546 virtutum,
914 1481 1054 1533 eonverte
1067 1494 1131 1534 nos.

503 1553 642 1625 Domine,
655 1555 763 1613 exandi
777 1556 942 1614 orationem
955 1575 1059 1615 meam.

503 1634 652 1694 Dominus
664 1636 824 1696 vobiscum

243 1716 353 1775 Oratio.

241 1797 299 1869 De,
313 1816 490 1874 quesumus,
505 1795 644 1868 Domine,
664 1796 776 1856 famulo
795 1803 850 1855 tuo
869 1797 933 1875 regi
952 1805 1054 1857 nostro
1068 1797 1109 1858 N.
1128 1798 1259 1857 salntem
1275 1796 1361 1855 mentis

179 1883 212 1935 et
224 1880 353 1955 eorporis
366 1898 433 1936 eum
448 1878 564 1954 Spiritu
578 1878 715 1936 veritatis
728 1886 759 1937 et
772 1879 871 1956 peeis;
890 1884 927 1936 ut
939 1880 1025 1938 bonis
1045 1879 1188 1956 operibns
1205 1877 1363 1945 uinea

179 1966 241 2017 tun
253 1980 369 2037 semper
382 1959 506 2016 virtutis
519 1966 669 2016 mereatur
683 1960 867 2036 protectione
880 1959 1006 2018 defendi.
1049 1960 1118 2019 Per.

240 2040 314 2098 Alia
328 2040 438 2099 Oratio.

242 2121 394 2192 Miserere,
409 2140 586 2198 quaesumus,
601 2119 740 2191 Domine,
755 2120 865 2198 populo
884 2127 939 2179 tuo
947 2142 956 2193 ;
975 2128 1006 2179 et
1019 2122 1174 2181 oontinnis
1186 2117 1365 2181 menkenii

180 2201 238 2260 bus
251 2202 435 2259 laborantem
448 2202 597 2279 propitius
610 2201 755 2278 respirare
767 2203 900 2261 oonoede
943 2202 1011 2261 Per.

240 2283 316 2340 Alio
330 2282 440 2341 Oratio.
483 2281 575 2356 Deus,
589 2302 608 2340 a
621 2302 680 2359 quo
693 2290 797 2342 sancte
808 2282 961 2342 desideria

527 2492 594 2551 Pso
615 2493 752 2550 Ismaro
773 2508 910 2551 rsoxnm
930 2492 1045 2551 Moeri

246 2576 355 2635 Oratio.

245 2658 442 2734 Omnipotens
456 2655 633 2731 sempiterne
644 2654 735 2724 Deus,
747 2661 937 2712 conservator
950 2655 1126 2724 animarum,
1138 2655 1193 2731 qui
1202 2673 1276 2731 quoe
1287 2651 1367 2726 diligis

183 2740 315 2815 corripis,
340 2745 371 2795 et
391 2757 465 2815 quos
483 2735 589 2812 recipis
610 2737 659 2812 pie
678 2736 715 2792 nd
736 2736 972 2793 emendationem
996 2755 1129 2807 cosroes3
1151 2743 1184 2792 te
1205 2737 1365 2800 inseremus,

183 2821 322 2891 Domine,
337 2826 372 2876 nt
386 2817 530 2875 medelam
548 2824 631 2873 tuam
652 2817 784 2874 conferre
802 2816 941 2893 digneris,
957 2823 988 2874 et
1005 2822 1040 2874 ut
1057 2817 1158 2873 anime
1176 2817 1280 2874 famuli
1293 2813 1367 2872 tniin

182 2902 255 2959 hora
265 2902 365 2959 exitus
379 2899 460 2957 illius
470 2899 506 2955 de
517 2917 645 2974 corpore,
661 2899 771 2973 absque
781 2899 893 2973 peecati
908 2897 1024 2955 macula
1036 2916 1088 2973 per
1102 2917 1209 2955 manns
1218 2904 1368 2955 mowino

183 2983 354 3060 angelorum
370 2988 491 3038 tuorum
505 2979 562 3036 tibi
576 2980 781 3055 repraesentari
796 2987 951 3036 mereatur.
994 2978 1053 3036 Per
1067 2978 1241 3036 Dominum

244 3065 365 3122 Secreta.

243 3145 367 3213 Adesto,
383 3161 559 3219 qnaesumus,
575 3139 713 3210 Domine,
729 3160 782 3216 pro
795 3141 906 3217 pietate
919 3145 973 3197 tus
986 3140 1254 3216 snppliontionibns
1267 3137 1368 3201 nostris·

183 3230 214 3281 et
228 3226 342 3300 suscipe
356 3224 484 3281 hostiam
498 3243 587 3299 qnam
601 3223 658 3278 tibi
679 3222 828 3279 offerimus
842 3241 896 3298 pro
908 3221 1019 3278 famulo
1032 3229 1095 3291 tno,
1109 3221 1240 3279 salntem
1252 3240 1311 3278 non
1322 3238 1370 3275 ‹er-

183 3306 263 3380 poris
277 3306 326 3362 sed
342 3306 448 3361 unimae
462 3325 522 3361 suae
543 3303 676 3380 petenti;
696 3310 813 3379 praesta,
828 3322 1004 3379 quaesumus,
1021 3301 1240 3378 indulgentiam
1254 3302 1369 3359 omniun

183 3386 379 3461 iniquitatum
407 3405 546 3455 suarum;
581 3392 625 3454 ut,
648 3404 702 3460 per
724 3384 779 3440 hoo
803 3383 882 3460 quod
906 3383 964 3441 tibi
987 3384 1138 3439 offerimus
1161 3383 1370 3441 sacrificium·

183 3467 293 3522 sanetis
316 3465 428 3542 angelis
452 3467 516 3538 ejus
540 3466 641 3521 anima
664 3471 808 3541 suscepta,
823 3464 862 3522 nd
878 3471 938 3521 tuae
958 3463 1060 3540 gioria
1083 3483 1212 3540 rognum
1233 3462 1371 3542 pervenire

183 3555 339 3604 mereatur.
383 3545 442 3602 Per
456 3546 628 3604 Dominum.

246 3627 487 3685 Postcommunio.

168 3702 171 3709 ’
245 3710 366 3766 Gratias
380 3708 436 3765 tibi
450 3707 573 3784 agimus,
589 3708 727 3778 Domine,
740 3706 843 3765 reiecti
864 3706 1043 3764 salutaribus
1063 3706 1265 3778 sementia
1279 3705 1372 3782 quibis

184 3791 298 3848 animas
311 3790 343 3847 in
357 3796 388 3846 te
406 3790 589 3865 sperantium
610 3789 718 3846 satiare
737 3788 936 3859 oonsuevisti;
957 3794 997 3857 et,
1012 3788 1114 3845 oonfisi
1134 3786 1171 3845 de
1192 3788 1304 3864 pietate
1321 3794 1371 3853 tus

182 3871 310 3948 'supplici
330 3871 487 3928 devotione
508 3889 672 3946 precamur,
687 3877 724 3926 ut
743 3870 876 3927 misereri
896 3868 1028 3946 digneris
1048 3868 1160 3926 famulo
1179 3874 1245 3941 tuo,
1259 3888 1296 3926 ne
1313 3885 1373 3944 pur

182 3950 282 4009 valeat
295 3952 434 4009 adversus
448 3971 517 4009 eum
530 3951 668 4008 inimicus
681 3951 714 4007 in
727 3951 800 4008 horn
820 3951 919 4008 exitus
939 3949 1020 4008 illius
1032 3950 1070 4007 de
1083 3969 1214 4027 eorporis,
1228 3950 1280 4009 sed
1293 3956 1372 4006 inne

183 4034 261 4091 itum
274 4032 382 4091 habere
395 4039 546 4090 mereatur
559 4033 596 4089 ad
610 4032 712 4089 vitam.
756 4032 815 4089 Per
829 4031 1000 4090 Dominum

326 4320 333 4333 ὁ
411 4250 414 4255 ’
526 4237 593 4296 Pae
613 4237 783 4294 Dmnuoro
803 4252 837 4293 ns
857 4251 926 4293 ires
945 4251 1039 4293 nesi,

245 4319 409 4470 &ditioni
429 4400 582 4476 proprium
606 4405 652 4457 est
675 4398 818 4466 misereri,
831 4417 946 4474 semper
969 4404 1001 4455 et
1021 4415 1159 4473 paroere:
1185 4401 1218 4454 te
1241 4395 1376 4473 snpplieu

184 4481 375 4557 deprecamur
388 4501 442 4559 pro
455 4482 556 4538 anima
575 4480 680 4539 famuli
693 4481 749 4552 tui,
764 4499 853 4556 quam
867 4479 904 4537 de
917 4478 972 4537 hoo
991 4477 1100 4536 seculo
1112 4477 1243 4555 migme
1250 4476 1377 4554 jussisti;
