2804 4920
161 334 202 394 50
311 327 413 393 Feria
435 327 480 393 ei.
505 326 671 408 Qisettuor
694 326 897 412 Temperans
920 327 1205 414 Quadmpeeimoe.

218 495 356 716 {lidii
356 540 486 634 Domino
499 576 646 633 oanticum
660 595 789 634 novum:
810 582 929 635 cantino
943 577 1073 635 Domino
1087 578 1185 636 omnis
1197 585 1288 638 terra.

218 668 412 816 Οιγῃαιιιιίῖοὓεηε
433 737 609 814 sempiterne
630 738 719 810 Deus,
741 738 793 814 qui
813 738 898 795 nobis
919 738 952 795 in
974 739 1179 798 observatione
1198 741 1311 818 jejunii
1328 750 1356 801 et

156 820 405 897 eleemosynarum
436 819 590 895 largitione
621 819 745 895 posuisti
779 826 948 877 nostrorum
982 820 1114 878 remedia
1146 830 1355 897 peecatorum:

157 902 281 960 concede
294 921 347 959 nos
362 907 459 958 mente
473 909 503 957 et
516 919 634 976 corpore
648 900 704 957 tibi
724 919 838 976 semper
852 920 913 958 esse
926 900 1056 959 devotos.
1101 901 1160 959 Per
1182 903 1352 965 Dominum.

218 1000 311 1059 Lectio
325 999 479 1058 Euclida
493 999 641 1074 Prophetis
661 998 759 1074 (attii.
778 999 824 1056 1-9
827 999 850 1075 )

218 1080 256 1139 In
276 1082 380 1139 diebus
399 1080 466 1152 illis,
483 1080 590 1137 Factus
610 1085 655 1137 est
675 1099 769 1136 sermo
790 1079 913 1136 Domini
936 1079 974 1137 ad
994 1100 1050 1151 me,
1071 1080 1192 1154 dioens3
1216 1083 1290 1159 quid
1313 1090 1352 1141 est

155 1162 234 1239 quod
255 1163 332 1220 inter
351 1182 404 1219 vos
423 1161 499 1219 hane
519 1160 686 1237 parabolam
707 1161 824 1217 vertitis
845 1161 876 1217 in
897 1161 1086 1237 proverbium
1114 1163 1196 1221 istud
1216 1164 1251 1221 in
1277 1170 1351 1223 tem

156 1244 249 1302 Israel
263 1264 351 1320 iisqne
365 1244 405 1301 ad
425 1243 472 1300 hio
488 1244 589 1318 justus
602 1248 654 1314 est,
670 1248 701 1299 et
714 1242 778 1299 vita
790 1242 882 1314 vivet,
897 1243 940 1299 ait
955 1243 1103 1300 Dominus
1116 1245 1312 1321 omnipotens

215 1341 350 1480 (ilidii
357 1441 411 1492 me,
426 1421 561 1492 Domine,
575 1428 611 1479 ut
631 1420 774 1498 pupillam
795 1420 889 1478 oculi:
911 1421 966 1478 sub
981 1421 1085 1478 umbra
1100 1421 1216 1480 alarum
1235 1429 1345 1482 tuarum

153 1509 358 1642 IldOtheevtdliir
371 1590 424 1641 tuo
434 1583 580 1659 judicium
594 1601 693 1639 meum
707 1582 848 1660 prodeat:
869 1582 947 1640 oculi
960 1583 1007 1640 tui
1021 1583 1144 1642 videant
1157 1585 1331 1661 aequitatem.

213 1682 380 1739 Semteedmn
391 1679 558 1739 Iohannem
577 1680 654 1756 (eiii.
673 1679 787 1755 31-47).

215 1762 254 1820 In
269 1762 319 1819 illo
334 1771 472 1838 tempore,
489 1762 614 1819 Dicebat
624 1761 644 1818 J
647 1780 712 1817 esus
726 1760 764 1818 ad
777 1779 835 1830 eos,
850 1761 903 1836 qui
917 1760 1106 1819 erediderunt
1118 1763 1155 1833 ei,
1170 1781 1209 1821 ex
1223 1762 1245 1821 J
1246 1762 1340 1833 udoeis3

154 1842 187 1901 Si
202 1862 253 1901 vos
273 1843 438 1901 mansen'tis
457 1844 490 1900 iu
510 1862 643 1900 sermone
663 1861 728 1900 meo
748 1862 839 1916 nsque
859 1842 900 1898 ad
919 1842 979 1912 Qui
992 1850 1038 1901 est
1051 1862 1088 1900 ex
1103 1843 1178 1916 Deo,
1193 1843 1338 1902 verbaDti

154 1924 246 1982 audit.

217 2005 409 2079 offertorium.

213 2086 357 2144 Immittit
374 2084 494 2162 angelus
508 2084 631 2141 Domini
651 2085 682 2140 in
697 2083 823 2141 circuitu
841 2084 1014 2143 timentium
1028 2105 1106 2159 eum,
1121 2091 1152 2143 et
1166 2087 1271 2163 eripiet
1280 2104 1333 2145 eos:

153 2174 269 2244 gustato
284 2173 314 2225 et
327 2166 426 2224 videte
440 2166 579 2243 quoniam
592 2167 691 2223 suavis
705 2172 750 2223 est
765 2166 918 2223 Dominus.

213 2250 331 2306 Secreta

214 2329 367 2400 Sacrificio,
390 2347 564 2404 quaesumus,
582 2328 709 2385 Domine
729 2327 901 2404 propensius
922 2327 980 2384 ista
999 2347 1053 2385 nos
1074 2335 1257 2388 restaurent:
1280 2344 1329 2405 qus

154 2408 375 2468 medicinalibus
388 2417 459 2466 sunt
473 2409 611 2466 instituta
620 2409 749 2484 jejuniis
793 2408 852 2466 Per
866 2408 1035 2466 Dominum.

215 2490 396 2547 l'onnnnnio.

214 2572 303 2629 Pnnis
317 2590 405 2647 quem
419 2591 472 2647 ego
485 2570 609 2628 dedero:
630 2590 696 2627 earo
711 2590 776 2628 mea
789 2576 834 2627 est
848 2590 901 2647 pro
915 2570 1014 2627 sneuli
1027 2570 1100 2629 vita.

213 2653 453 2712 Poslconineenio.

213 2735 344 2792 Tuonim
368 2755 429 2806 nos,
455 2733 591 2805 Domine,
616 2732 754 2809 largitate
779 2732 931 2804 donorum,
958 2740 988 2790 et
1011 2733 1224 2810 temporalibus
1245 2727 1330 2791 attolle

152 2817 301 2894 piusiiliis,
318 2823 348 2873 et
362 2836 471 2873 renova
484 2814 677 2892 sempiternis.
720 2814 778 2871 Per
793 2814 963 2871 Dominum.

213 2902 308 2974 anper
323 2897 475 2974 populum.
1394 2916 1396 2981 i

214 2980 269 3047 Dn,
297 2999 471 3055 quesumus.
497 2978 634 3047 Domine,
664 2976 780 3053 populis
812 2975 998 3046 Christianis,
1026 2982 1057 3032 et
1085 2997 1151 3052 qnae
1174 2978 1339 3056 profitentur

153 3079 314 3137 agnoscere,
331 3066 361 3116 et
375 3059 487 3116 caeleste
502 3079 609 3115 munus
623 3057 745 3134 diligere
759 3057 838 3132 quod
852 3058 1049 3132 frequentant.
1092 3057 1156 3116 Per.

445 3246 542 3303 Fama
563 3246 663 3303 Sarna
685 3246 853 3315 Quamuon
873 3244 1054 3304 Tauronem.

216 3329 354 3405 (plinton

218 3413 260 3468 Do
274 3408 496 3468 iniussitatibns
516 3409 588 3465 ineis
608 3408 688 3484 eripe
708 3428 763 3481 me,
780 3408 927 3477 Domine;
948 3406 1015 3464 vide
1035 3407 1235 3466 humilitatem
1252 3407 1357 3464 men¹11

154 3502 184 3551 et
199 3493 327 3550 laborum
342 3508 458 3548 iuoum:
478 3499 509 3546 et
522 3490 640 3547 dimitte
654 3491 753 3547 omnia
766 3496 885 3566 peecata
900 3508 969 3546 mea.

218 3572 358 3631 I'nrlmus.

206 3652 264 3712 'Ad
279 3664 317 3719 te,
337 3655 469 3725 Domine,
484 3652 580 3710 levavi
593 3653 722 3710 miimsm
737 3670 849 3708 menni:
871 3652 953 3708 Deus
967 3670 1049 3708 meus
1062 3651 1095 3707 in
1109 3657 1139 3709 te
1153 3650 1272 3723 confido,
1284 3647 1363 3706 11011

153 3737 328 3794 erulwseum.

216 3817 324 3873 lli-nelo.

217 3899 294 3959 luto.
313 3897 444 3959 Domine.
459 3896 602 3973 pnipitius
624 3896 700 3972 plebi
721 3901 789 3957 tum.
805 3900 835 3951 et
856 3914 944 3971 quum
966 3895 1021 3951 tibi
1040 3894 1111 3952 facis
1130 3915 1190 3953 esse
1204 3892 1368 3954 devotam

152 3982 279 4053 lunigno
301 3977 399 4034 nubre
419 3978 572 4034 iniaemtus
592 3977 712 4033 iaiixilio.
767 3975 824 4033 l‘er
847 3976 1016 4032 Dominum.

216 4060 306 4119 dediti)
325 4058 475 4115 Ezechielis
492 4058 636 4133 I'rnpdedir
657 4058 754 4129 (audii.
773 4059 887 4127 ‘ld-28).

216 4144 287 4201 lliee
308 4140 380 4197 dicit
404 4140 547 4197 Dominus
572 4139 666 4195 Dens:
691 4139 808 4203 dnimn,
825 4159 890 4214 quie
912 4141 1084 4214 peccaverit,
1106 4139 1170 4216 ipsa
1188 4135 1361 4198 moratu!

154 4246 241 4301 alapae
255 4224 295 4279 «nl
311 4222 372 4279 eila
387 4222 468 4279 vivet
481 4229 512 4277 ot
526 4238 585 4277 non
599 4220 748 4292 morietur,
763 4220 836 4278 dicit
850 4220 998 4277 Dominus
1012 4222 1204 4297 omnipotens.

212 4304 346 4362 lu'rinlnle.

211 4387 331 4444 Selenen
346 4384 391 4442 l'ne
405 4401 521 4441 serrum
537 4390 640 4441 tinimt
664 4382 742 4440 Deus
756 4402 846 4451 inem,
862 4389 1028 4459 sperantem
1042 4383 1076 4440 in
1089 4390 1127 4442 te.

157 4468 185 4527 l’„
212 4468 344 4527 :iuribus
358 4467 483 4545 proruitur,
502 4464 633 4533 Domine,
649 4464 812 4523 eruitionem
827 4483 929 4523 meam.
