2804 4920
337 293 433 356 Ereto
453 291 635 356 Jaaaurti.
1023 298 1086 360 235

82 477 116 514 on
135 457 312 516 Mottlueum
327 459 406 532 (cmo
423 459 539 536 27-29).

82 556 207 614 empore,
223 538 314 597 Dixit
324 538 347 597 J
348 559 414 598 esus
431 539 583 616 discipulis
602 540 663 600 suis
683 540 849 619 parabolam
871 540 965 600 hanc:
987 540 1088 599 Homo

82 625 98 677 t
124 619 208 677 dives
234 619 287 696 qui
313 619 441 685 habebat
463 621 606 693 villicum,
634 621 749 698 require
773 621 930 681 Dominiea
956 623 995 680 ic
1020 632 1089 700 post

82 863 142 920 'uos
186 861 266 920 Mihi
278 869 378 920 sutem
393 864 490 921 nimis.

82 1071 86 1080 .
109 1024 157 1081 tui
180 1023 268 1082 Pauli
290 1025 434 1102 precibus,
460 1046 636 1103 quaesumus,
664 1026 801 1096 Domine,
822 1026 917 1103 plebis
936 1033 997 1085 tute
1010 1026 1088 1085 dona

82 1112 111 1161 ut
125 1124 190 1181 quoe
204 1105 261 1163 tibi
274 1112 326 1163 tuo
339 1114 425 1182 grata
438 1115 509 1164 sunt
530 1107 678 1178 instituto,
692 1107 822 1183 gratiora
835 1108 910 1165 fiant
923 1107 1089 1184 patrocinio·

82 1232 87 1244 .
131 1185 189 1243 Per
203 1187 374 1244 Dominum.

82 1267 131 1325 zio.
173 1270 281 1340 Amen,
297 1267 363 1326 dico
376 1268 467 1326 vobis

82 1348 189 1406 monio.

82 1429 191 1486 elutari
203 1430 351 1505 mysterio,
367 1449 543 1506 quaesumus,
566 1429 702 1500 Domino,
718 1436 753 1488 ut
766 1450 819 1507 pro
840 1429 925 1488 nobis
944 1432 1008 1506 ejus
1028 1450 1088 1489 non

94 1511 179 1586 cujus
192 1529 245 1568 nos
259 1511 377 1570 donasti
390 1512 555 1588 patrocinio
568 1511 735 1589 gubernari
778 1511 843 1569 Per.

82 1719 183 1772 unm,
205 1720 311 1761 sanem
334 1704 499 1777 Poruucm,
522 1721 683 1763 nummus.
728 1704 802 1782 (viii.
818 1703 888 1762 Kal.
906 1701 991 1777 Feb.)

82 1909 91 1945 s
112 1889 159 1946 tui
182 1888 319 1966 Praejecti
341 1910 403 1960 noe,
417 1911 594 1967 qumsumus,
608 1891 745 1962 Domine,
761 1889 942 1949 interventio
961 1888 1088 1967 gloriosa

95 1976 131 2026 ut
144 1989 198 2044 pro
212 1971 296 2027 uobis
313 1972 378 2046 ojus
396 1991 455 2028 nou
471 1972 548 2030 desit
565 1972 668 2044 oratic,
683 1973 768 2048 cujus
788 1992 842 2029 nos
855 1972 972 2029 donasti
992 1978 1088 2047 patro

82 2069 144 2107 ran.

99 2212 235 2286 Domine,
259 2213 406 2292 propitius
433 2213 596 2273 orationem
624 2220 765 2287 nostram,
794 2234 861 2272 cum
889 2212 1089 2271 oblationibus

82 2293 297 2370 uperimpositis
310 2315 318 2366 ;
346 2301 378 2354 ct
391 2296 529 2371 martyris
544 2296 590 2352 tui
605 2295 742 2371 Praejecti
756 2295 969 2372 deprecatione,
983 2295 1088 2371 pietati

82 2374 225 2451 benignus
239 2383 381 2452 acceptes,
396 2383 427 2433 et
440 2376 522 2434 illam
533 2396 599 2453 quae
613 2377 645 2433 in
660 2396 694 2435 eo
708 2377 845 2455 flagravit
859 2375 979 2434 dilectio
992 2377 1087 2448 fortis,

82 2456 130 2513 im
143 2456 296 2533 benignus.
339 2457 399 2515 Per
413 2457 585 2517 Dominum.

82 2557 189 2595 mama

97 2618 237 2689 Domine,
263 2637 317 2696 pro
343 2619 424 2676 besti
451 2621 589 2696 martyris
612 2619 659 2678 tui
687 2619 823 2696 Proejecti
850 2615 985 2696 passione
1012 2617 1088 2674 (lona

82 2720 89 2756 :
109 2719 286 2775 quaesumus,
307 2705 342 2757 ut
361 2702 425 2776 ejus
439 2701 573 2778 precibus
587 2706 617 2758 et
630 2701 783 2778 praesentis
796 2700 866 2757 vitae
881 2700 965 2757 nobis
978 2697 1090 2775 pentes

82 2780 176 2837 ribuas
189 2781 320 2838 conferre
333 2781 506 2840 subsidium.
550 2782 615 2840 Per.

82 2997 122 3039 cir
142 2979 304 3040 Jousurus
326 2997 364 3039 nr
383 2980 524 3053 Juumm,
547 2996 762 3039 mrsooromm.
800 2976 851 3055 (vi.
869 2976 940 3034 Kel.
956 2975 1040 3053 Feb.)

83 3175 89 3186 .
134 3129 316 3206 Sapientiam
338 3138 518 3199 sanctorum,
535 3130 564 3185 iu
590 3128 749 3187 Communi
766 3126 965 3204 plurimorum
982 3125 1089 3202 corpses·

82 3371 122 3449 [ui
154 3371 291 3430 Ecclesiae
325 3379 385 3430 tuae
416 3373 517 3430 beatos
552 3373 728 3431 confessores
762 3377 828 3429 tuos
856 3368 1027 3428 Johsnnem
1059 3372 1090 3425 ct

82 3453 251 3511 nimbiliter
270 3453 403 3511 tribuisti
421 3472 483 3511 cese
504 3453 645 3526 doctores,
667 3452 792 3512 concede
812 3450 968 3528 propitius,
986 3456 1021 3506 ut
1042 3468 1090 3506 eos

82 3555 88 3591 t
101 3553 217 3610 semper
230 3535 337 3592 habere
350 3554 516 3593 mereamur
529 3534 741 3593 intercessores
785 3531 845 3590 Per
857 3532 1028 3590 Dominum.

82 3616 118 3673 lic
132 3616 272 3674 noemmin
285 3616 320 3674 cle
333 3625 435 3674 sancto
448 3615 530 3673 Paul
549 3660 555 3673 .

82 3776 190 3847 mobis,
206 3797 381 3854 quaesumus,
397 3777 582 3854 omnipotens
595 3777 687 3846 Deus,
702 3783 811 3835 sanctae
826 3775 927 3835 Pauloe
948 3781 1087 3833 mutromo

82 3858 173 3929 exitis,
188 3865 220 3917 ct
232 3859 440 3918 beneficiorum
454 3860 517 3935 ejus
531 3858 630 3917 attolli
643 3858 796 3936 suffragiis.
840 3858 906 3916 Per.

82 3961 92 3997 2.
134 3938 240 3998 Plures
253 3939 324 3997 facti
338 3947 415 3998 eunt

83 4064 88 4076 .
130 4020 334 4078 Exsultabunt
348 4022 448 4079 suncti.

82 4201 100 4238 ι.
149 4181 178 4242 l'.
201 4182 371 4259 Fulgebunt
384 4183 467 4256 justi.

82 4271 150 4320 ctae.
194 4263 252 4332 Qui
266 4264 420 4321 seminant.

82 4342 153 4401 lam.
196 4342 266 4402 Sint
279 4344 379 4402 lumbi.

82 4424 147 4483 luca
190 4424 401 4484 Exsultsbunt.
