2804 4920
147 338 209 401 168
493 333 596 400 Faria
619 333 676 400 iii.
696 340 780 431 post
793 334 1015 402 Pentecosten.

624 517 725 577 Fessa
744 517 870 577 Tama

209 598 347 674 Officium.

205 680 344 757 Accipite
359 678 577 758 jocunditatem
597 678 696 756 gloria
711 688 823 749 vestrae,
839 679 989 756 alleluya:
1016 681 1125 759 gratias
1139 685 1263 758 agentes
1277 680 1350 749 Deo,

147 759 274 837 alleluya
289 782 296 818 :
319 761 372 838 qui
389 780 441 818 vos
454 760 491 819 ad
505 759 632 818 coelestia
646 781 736 838 regna
748 763 874 834 vocavit,
889 761 1025 838 alleluya,
1039 760 1177 838 alleluya,
1192 761 1330 839 alleluya

207 856 352 917 Perimes.

199 937 496 1076 limpdimopfflo
509 957 601 1011 meus,
615 937 710 1016 legem
732 958 848 996 meam:
879 939 1021 998 inclinate
1042 959 1144 997 aurem
1165 944 1298 999 vestram
1319 941 1350 997 in

149 1038 200 1077 ver
221 1039 239 1076 a
252 1039 311 1077 orus
324 1038 390 1077 mer.

210 1099 312 1177 Kyrie.
356 1099 551 1177 Omnipotens
564 1099 662 1158 Pater.

208 1196 416 1352 ssrdiiiO'nobm,
440 1278 577 1349 Domine,
603 1297 779 1355 quaesumus,
803 1278 899 1336 virtus
922 1278 1051 1356 Spiritus
1073 1279 1176 1338 Sancti
1188 1300 1197 1352 ;
1230 1299 1298 1358 quse
1320 1287 1350 1338 et

148 1359 236 1417 eorda
248 1366 349 1418 nostra
362 1359 522 1417 clementer
534 1365 687 1435 expurget,
703 1365 734 1416 et
753 1359 791 1416 ab
811 1359 948 1417 omnibus
969 1365 1090 1418 tueatur
1110 1360 1250 1420 adversis
1293 1361 1349 1420 Per

149 1440 320 1498 Dominum.
364 1440 403 1498 In
416 1440 533 1498 unitate
547 1439 677 1516 ejusdem
692 1439 822 1516 Spiritus
836 1438 946 1498 Sancti.
1005 1498 1008 1503 .

210 1539 349 1614 Epistola.
380 1539 475 1596 Lectio
489 1537 617 1596 Actaeos
630 1538 833 1614 Apostolorum
846 1538 924 1616 (eiii.
943 1537 1058 1618 14-17)

210 1619 248 1677 In
263 1619 366 1678 diebus
379 1619 445 1690 illis,
462 1618 538 1676 Cum
552 1618 703 1676 audissent
717 1619 857 1696 Apostoli
870 1620 922 1697 qui
943 1626 1028 1677 erant
1042 1618 1267 1697 Hierosolymis,
1283 1620 1349 1697 quia

149 1700 305 1777 recepisset
331 1700 464 1758 Samaria
496 1700 619 1757 verbum
656 1700 713 1757 Dei
740 1721 830 1776 nsque
857 1701 898 1757 od
924 1706 955 1758 et
988 1700 1172 1778 accipiebant
1207 1700 1348 1779 Spiritum

151 1780 300 1839 Sanctum.

210 1860 359 1939 Alleluya.
397 1862 426 1920 V.
449 1862 571 1920 Emitte.

210 1942 357 2020 Alleluya.
417 1943 446 2000 V.
470 1942 598 2019 Spiritus
626 1941 758 2013 Sanetus,
783 1941 940 2019 procedens
968 1962 986 1999 a
1012 1942 1129 2013 throno,
1152 1943 1346 2021 apostolorum

150 2029 268 2100 pectora
280 2023 424 2081 invisibili
437 2022 524 2080 hodie
538 2022 730 2099 perlustravit
743 2023 882 2100 potentia

211 2118 374 2195 Sequentia.

394 2199 508 2257 Iaudes
522 2199 587 2257 Deo
600 2199 729 2271 devotas,
745 2199 824 2257 dulci
836 2218 906 2257 voce
920 2218 954 2258 ae
967 2218 1080 2272 sonora,

393 2279 481 2338 Plebs
494 2280 624 2337 exsultet
638 2280 798 2338 catholiea:

393 2360 522 2436 Spiritus
535 2361 637 2418 Sancti
650 2362 746 2438 gratia

393 2440 544 2518 Apostolie
559 2442 605 2499 die
619 2441 760 2500 hodierna

394 2521 432 2578 In
446 2522 539 2600 igneis
552 2522 661 2598 linguis
675 2529 719 2580 est
732 2521 837 2579 infusa.

395 2603 536 2660 Paracliti
549 2603 705 2680 praesentia

400 2684 546 2741 Emundet
560 2704 613 2740 nos
627 2704 645 2741 a
658 2683 769 2760 peceati
787 2684 907 2747 macule,

396 2765 476 2822 Pura
490 2766 545 2821 sibi
559 2771 664 2842 aptans
678 2765 854 2835 habitacula,

396 2846 614 2903 Charismatum
628 2865 661 2902 ae
675 2864 798 2902 munera

395 2927 568 2983 Pectoribus
582 2926 689 2982 nostris
704 2926 769 3002 pius
783 2926 930 2997 infundat,

395 3008 471 3064 Vita
483 3014 584 3064 nostra
598 3008 625 3064 ei
639 3014 673 3063 ut
687 3006 871 3083 complaceat.

396 3087 455 3145 Per
467 3088 639 3144 serendorum
654 3088 759 3145 saecula

397 3168 617 3226 conclamemus
632 3168 778 3245 Alleluya.

397 3249 443 3306 Sit
458 3249 522 3305 Deo
537 3250 608 3319 lesus,
624 3255 762 3324 potestas
779 3256 809 3306 et
823 3249 926 3317 honor,
942 3249 1047 3318 virtus,
1063 3256 1094 3305 et
1110 3249 1210 3325 gloria

216 3366 382 3424 Sccsncdccne
395 3365 561 3424 Jotoonaem.
576 3368 618 3441 (cc.
638 3366 733 3442 1-10).

216 3449 255 3504 In
279 3446 330 3503 illo
354 3453 493 3523 tempore,
521 3447 609 3503 Dixit
635 3447 724 3505 Jesua
748 3448 898 3525 discipulis
921 3448 1001 3505 suis:
1036 3449 1144 3515 Amen,
1170 3469 1265 3515 amen,
1292 3450 1350 3505 dieo

155 3529 256 3586 vobis:
277 3528 329 3603 qui
350 3547 410 3585 non
430 3528 524 3584 intrat
544 3548 597 3603 per
618 3529 725 3585 estium
740 3530 884 3602 cospissari
904 3549 957 3606 ego
971 3529 1039 3586 veni
1054 3536 1089 3585 ut
1103 3531 1197 3586 vitam
1218 3529 1350 3599 habeant,

156 3616 187 3668 et
200 3609 399 3666 abundantius
413 3608 547 3665 habeant.
573 3614 577 3625 '

217 3690 319 3748 Credo.

216 3786 526 3941 ggggssrggtltitalfflit
540 3867 694 3939 Dominus,
707 3875 737 3924 et
750 3868 828 3944 pluit
843 3868 901 3925 illis
916 3887 1031 3937 rnanna,
1047 3873 1082 3924 ut
1096 3867 1237 3925 ederent:
1253 3889 1353 3946 panem

154 3949 217 4007 eseli
231 3948 313 4006 dedit
328 3948 369 4003 eis
383 3968 390 4017 ;
414 3967 517 4023 panem
533 3949 703 4024 angelorum
718 3949 909 4006 manducavit
923 3948 1018 4010 horno,
1034 3948 1169 4024 alleluya.

215 4044 336 4103 Secreta.

215 4126 356 4183 Purifieet
382 4143 445 4192 nos,
475 4123 611 4196 Domine,
634 4143 807 4200 quaesumus,
834 4127 964 4184 muneris
992 4125 1144 4202 praesentis
1178 4126 1297 4198 oblatio,
1326 4135 1353 4184 ct

154 4210 257 4285 dignos
270 4225 350 4264 suern
365 4204 591 4282 participatione
605 4205 743 4281 perficiat.
789 4207 846 4263 Per
861 4207 1031 4266 Dominum.

170 4466 191 4524 ss
210 4305 405 4522 {pidiiiiiidi
420 4406 437 4441 a
454 4385 542 4440 Patre
563 4382 703 4459 procedit,
719 4383 845 4459 alleluya
860 4406 865 4440 :
888 4384 936 4441 ille
953 4404 1000 4441 me
1020 4384 1203 4456 clarificabit,
1219 4385 1350 4460 alleluya,

152 4488 169 4524 a
193 4487 285 4542 enyo.
