2804 4920
407 344 569 423 Repudia
582 349 698 409 contro
712 344 996 431 Defert-rchmcoe.
1204 369 1296 411 xxxv

102 508 224 584 air‘aeptod
236 512 353 587 nonum
372 513 503 571 indicare
513 533 526 581 ,·
554 521 580 570 et
599 511 626 569 ri
645 521 781 586 oprotore
801 513 956 588 contigerit,
967 514 1081 588 poceint
1100 514 1155 572 alii
1168 515 1298 576 indicare

99 588 155 646 'ubi
175 591 296 651 dimisit
345 594 497 652 Diaconue
523 593 557 650 in
572 593 713 669 proedioto
735 613 806 650 cocu
826 593 904 651 nilu'l
915 592 1024 668 sociat,
1045 595 1169 653 manirm
1189 595 1216 653 ei
1234 617 1296 655 con-

101 675 260 746 removerit,
275 673 420 750 niciforte
433 674 576 750 cooperiat
589 673 710 732 calicem.

164 751 200 810 Si
221 754 359 814 Sacerdos
372 776 428 832 per
446 754 648 830 nepliqcntiam
660 753 786 830 frepcrit
806 755 930 813 hoctimn
950 765 1017 814 onte
1037 756 1126 815 Pater
1145 765 1254 828 noster,
1270 768 1297 816 ct

100 831 155 888 ltoc
182 835 344 912 perpmdat
374 845 530 911 aritequam
565 836 644 893 dicat
675 835 733 893 Per
760 836 858 892 omniu
888 837 994 894 soeculo
1020 838 1201 910 soculorum,
1230 840 1296 897 Pax

104 912 235 989 Domini,
259 925 285 974 et
309 925 406 984 edera,
430 938 496 974 cum
523 915 595 992 ipeie
616 916 753 992 purtibue
770 915 869 990 saciat
895 918 981 993 unna
1007 939 1094 995 cuper
1120 920 1241 992 calicem,
1270 930 1297 978 et

102 993 227 1070 deperiat
237 1007 339 1073 parter
358 1007 425 1056 ante
445 997 560 1056 calicem
580 1017 665 1072 mper
685 997 845 1072 corporolia
864 998 908 1055 vei
925 1019 1011 1075 cuper
1024 1009 1162 1075 patenam
1177 1012 1298 1079 propter

101 1076 247 1136 minutiae
258 1076 504 1154 frumentorum,
527 1087 553 1135 et
578 1087 698 1153 tempore
719 1097 772 1136 cuo
795 1077 877 1135 clevet
900 1099 956 1149 eac,
977 1080 1081 1138 ecilicet
1101 1083 1143 1139 ad
1159 1083 1296 1141 ultimum

102 1154 162 1213 Per
174 1160 273 1216 omniu
286 1160 391 1217 saeculu
404 1159 583 1217 saeculorum.
626 1158 662 1216 Si
681 1179 745 1216 vcro
765 1179 825 1216 non
839 1159 984 1235 percipiat
999 1162 1175 1237 priusquam
1189 1166 1296 1222 dincrit

102 1235 168 1294 Pax
197 1240 328 1311 Domini,
352 1240 397 1298 vei
417 1249 573 1316 postquam
595 1240 706 1297 miserit
733 1261 825 1296 unum
848 1242 1019 1316 partemin
1044 1242 1167 1313 calicem,
1193 1247 1296 1304 dicunt

101 1319 226 1393 quidam
239 1323 316 1397 quod
329 1321 407 1380 debet
416 1322 565 1397 procedere
581 1329 607 1377 et
627 1322 661 1378 de
681 1320 854 1395 rupiipentio
869 1322 1015 1397 portitore,
1030 1323 1074 1381 vet
1088 1324 1115 1381 ei
1129 1334 1221 1401 potest
1235 1328 1297 1385 eine

101 1401 240 1459 scandalo
253 1403 354 1460 mitem
362 1403 505 1478 privatim
518 1402 610 1459 dicere
629 1403 707 1476 quod
727 1402 896 1460 trammicit.
940 1402 1041 1461 Aiicui
1053 1404 1167 1463 uidetur
1179 1407 1257 1482 quod
1269 1408 1297 1466 ci

101 1480 141 1536 eit
168 1482 344 1541 colionenitac
369 1483 413 1541 oet
433 1482 564 1559 poprduc
585 1492 693 1554 octana,
720 1482 797 1539 debet
819 1483 972 1560 reincipere
993 1494 1060 1543 ante
1078 1486 1168 1544 Pater
1181 1495 1295 1559 nostor3

102 1563 247 1636 Oremus3
285 1564 445 1640 PerceptiS,
474 1573 500 1622 et
522 1573 619 1635 cetera,
643 1572 669 1620 et
692 1562 792 1620 minuo
812 1564 866 1621 crit
887 1564 1059 1623 ccorcdoium
1076 1566 1110 1624 in
1128 1569 1245 1642 populo,
1268 1569 1296 1626 ci

100 1645 259 1720 reincipiat
275 1665 364 1720 quam
383 1664 464 1713 non;
492 1653 518 1702 et
532 1664 598 1702 cum
611 1644 798 1719 utrobiquecit
816 1645 996 1717 scordalum,
1010 1647 1110 1705 minue
1122 1649 1295 1707 scandatum

101 1734 143 1782 cst
156 1726 319 1799 elioendum
332 1734 357 1783 et
369 1725 469 1783 minue
477 1724 650 1801 periculum.

163 1806 199 1865 Si
226 1807 293 1881 quie
316 1807 416 1863 rtatim
430 1814 497 1881 post
516 1806 709 1881 sumptionem
732 1825 840 1880 paocue
857 1804 957 1880 suerit
976 1827 1124 1879 nauteam,
1150 1809 1295 1887 recoliiqat

98 1897 267 1947 remoretur
293 1886 372 1962 quod
393 1886 511 1962 ejectum
537 1895 577 1944 est
604 1895 630 1944 et
656 1886 689 1943 in
708 1887 826 1961 piscina
850 1887 1041 1959 corroboratur,
1064 1899 1091 1946 et
1108 1891 1208 1965 puluie
1229 1912 1295 1951 cum

100 1968 236 2043 reliquiis
245 1977 402 2044 reponatur
412 1967 455 2024 ccl
463 1968 498 2025 in
506 1968 671 2025 samarium
683 1968 826 2037 mittatur,
839 1967 898 2024 nici
907 1966 1009 2043 airkpuo
1021 1989 1091 2045 parc
1101 1970 1295 2030 Eudtarietiae

100 2054 217 2124 intepro
229 2050 409 2125 reponatur:
424 2058 449 2106 et
462 2047 592 2106 tnncilict
603 2067 668 2106 cum
676 2067 784 2122 mopna
793 2049 950 2106 reuerentia
963 2059 1098 2107 rumatur
1110 2072 1130 2108 o
1143 2052 1294 2111 Sacerdote

100 2132 130 2189 ei
138 2140 239 2206 potent.
281 2129 317 2189 Si
335 2150 400 2187 vero
419 2149 480 2187 non
497 2138 586 2205 potcet
598 2138 715 2204 propter
733 2128 984 2199 abominationem,
998 2130 1111 2188 dicetur
1123 2132 1157 2189 in
1170 2134 1255 2191 catice
1268 2143 1294 2192 et

101 2213 268 2282 maculetur,
283 2220 309 2269 et
317 2220 449 2287 ponatur
462 2211 539 2268 inter·
551 2211 627 2266 duos
640 2209 749 2267 doctior
761 2229 821 2266 non
832 2220 1007 2268 emaceratos
1015 2231 1066 2270 nec
1079 2216 1292 2285 ommecrondan

102 2303 129 2350 et
142 2293 183 2351 cic
195 2301 331 2350 runcatur
344 2291 380 2349 ab
393 2291 455 2368 ipso
469 2292 512 2350 vei
524 2291 559 2349 ab
573 2291 641 2362 atio,
656 2299 681 2348 ct
694 2290 773 2347 aliur
789 2291 914 2349 vomitus
927 2292 1119 2367 comburatur,
1134 2304 1169 2353 nt
1182 2297 1294 2354 dictum

163 2453 199 2513 Si
211 2455 278 2530 quic
286 2474 341 2529 per
353 2453 513 2512 ebrietatem
526 2452 570 2511 uel
582 2452 764 2512 voracitatem
774 2453 978 2523 eucharictiam
991 2457 1151 2528 euomuerit,
1167 2459 1293 2534 quadra»

99 2536 185 2612 pinta
197 2534 445 2612 diebuopoenitoot.
489 2534 595 2593 Clerici
608 2534 651 2591 oet
659 2533 801 2604 monachi,
815 2534 944 2593 Diaconi
956 2535 1169 2611 oelPrecbiteri,
1180 2549 1292 2615 ceptua-

98 2617 185 2692 pinta
194 2616 313 2678 diebus:
333 2615 663 2691 Epmcopmenonapinta
672 2615 779 2673 dieitur.
821 2614 857 2672 Si
862 2616 1121 2691 perinfirmitutem
1131 2622 1292 2690 evomuerit,

99 2707 203 2774 neptun
221 2697 320 2756 diebus
331 2696 477 2772 pmciteat.
520 2694 567 2753 Do
585 2695 817 2764 Consecmtione‚
837 2696 985 2754 dictinctio
1005 2699 1137 2756 necundo
1180 2701 1215 2758 Si
1228 2703 1295 2776 quie

98 2779 217 2854 potitur
235 2780 406 2836 continuum
429 2778 575 2848 vomitum,
599 2777 691 2833 tutius
712 2785 752 2833 eet
779 2775 858 2850 quod
877 2797 937 2834 non
958 2777 1042 2835 detur
1054 2780 1081 2836 ei
1094 2780 1292 2853 Eucharictio,

100 2860 175 2934 quio
186 2860 292 2934 sufficit
304 2861 331 2918 ei
336 2859 413 2934 fidcc
426 2867 451 2915 et
465 2858 539 2915 bona
551 2857 692 2915 uoluntao.

161 2940 197 2998 Si
217 2941 312 2999 lcoctia
332 2947 469 2998 vernoun
480 2937 579 3014 suerit
602 2945 745 3012 compti,
761 2945 903 2995 runcatur.
953 2939 989 2996 δι’
1014 2939 1108 2998 nortia
1133 2951 1296 3000 eomccrata

101 3021 265 3097 nonsucrit
279 3021 344 3080 bene
357 3020 507 3091 mutoditn,
522 3029 548 3077 ct
561 3040 627 3077 mue
640 3019 683 3077 uel
694 3018 815 3092 aliquod
827 3018 941 3076 animal
954 3019 1037 3078 iilam
1050 3023 1199 3080 comederit
1213 3025 1257 3081 uei
1267 3025 1295 3082 ci

101 3103 222 3160 inventa
247 3122 306 3160 non
321 3100 426 3176 suerit,
455 3101 652 3176 quadroqinto
680 3099 779 3157 (ticine
797 3099 943 3175 paeniteat.
987 3101 1033 3159 De
1060 3101 1293 3176 consecratione,

100 3183 249 3242 dictinctio
272 3183 406 3254 rectruda,
437 3182 533 3251 Quam
562 3181 642 3238 bene.
684 3179 755 3239 Ideo
775 3189 872 3238 cutem
892 3189 1035 3240 statutum
1056 3193 1096 3242 eet
1113 3184 1148 3241 in
1167 3185 1296 3244 Ecclesia

100 3265 180 3339 qnod
192 3264 382 3322 Eudtarietio
395 3263 434 3321 cit
447 3263 512 3322 bene
530 3262 673 3320 cintodito
684 3262 737 3320 cub
751 3261 840 3332 clavo,
855 3282 890 3319 ne
898 3262 1014 3338 poccint
1025 3284 1122 3323 murce
1134 3267 1178 3324 oei
1189 3285 1296 3325 vermer

100 3346 250 3420 ottinpere,
261 3364 313 3403 nec
325 3345 413 3403 etiam
422 3344 547 3418 cortiiepi
560 3343 637 3401 idem
641 3341 742 3417 facere
751 3343 885 3417 vcrtcfino
894 3351 921 3401 ct
933 3363 989 3402 cuo
1002 3345 1154 3421 cortilepiu.

163 3425 289 3497 Qatnu
311 3424 457 3496 Sacerdos,
486 3444 569 3499 quem
594 3423 744 3482 Conmeica
770 3424 918 3481 mcccn'tm
944 3444 1004 3482 non
1034 3436 1155 3499 mmai,
1185 3438 1297 3486 tenetur

99 3506 201 3565 cadon
218 3506 304 3565 remei
323 3506 358 3564 in
377 3507 555 3565 hebdomada
575 3505 695 3581 recipere
713 3504 828 3580 Oorpuo
850 3503 980 3565 Christi·
1000 3515 1027 3564 et
1046 3505 1160 3583 corpu
1172 3508 1297 3568 Domini

95 3608 152 3664 pro
165 3588 296 3664 infirmia
308 3596 504 3647 commatum
517 3587 593 3645 debet
606 3586 731 3661 qnalibet
740 3586 789 3643 die
801 3584 959 3644 Dominica
971 3589 1112 3646 rcrtooori

577 3774 626 3833 Du
646 3774 818 3833 Come-ms.

159 3908 320 3968 Scimdum
336 3908 415 3983 quod
431 3907 465 3964 in
483 3906 591 3975 Minio,
609 3905 830 3981 qnandosucrit
847 3910 1081 3983 commemoratio,
1102 3931 1161 3969 non
1178 3913 1296 3971 dicatur

100 3990 161 4049 nici
188 4010 253 4048 una
282 3987 382 4047 Oratio
390 4009 403 4058 ;
437 3987 497 4044 niei
523 3988 642 4044 Festum
669 3988 760 4044 trium
780 3988 948 4048 Lectionum
966 3990 1001 4047 in
1021 3989 1295 4052 Commemoratione

99 4071 187 4130 tneo
204 4070 314 4128 Maria
331 4068 501 4144 eontiperit;
521 4078 547 4126 et
566 4077 633 4125 tuuc
646 4069 772 4125 secunda
790 4068 913 4127 Oodecta
926 4071 979 4128 erit
993 4072 1028 4130 de
1041 4072 1155 4143 Sancto,
1169 4084 1195 4132 et
1210 4076 1294 4132 tertia

99 4154 135 4211 de
153 4151 289 4211 omnibuc
308 4150 431 4208 Sanctio.
474 4150 514 4207 Et
527 4150 645 4224 quondo
665 4150 731 4206 duo
751 4149 892 4208 dicuntur
906 4149 1064 4225 Orationee,
1079 4156 1164 4212 tertia
1183 4156 1294 4213 dicitur

99 4235 134 4292 de
154 4231 290 4292 omnibu
312 4230 429 4290 Sanctio
451 4231 609 4288 oecuruium
631 4231 709 4304 quod
730 4239 839 4306 tempus
859 4232 988 4307 requirit.
1040 4235 1163 4307 Quando
1183 4236 1294 4294 dicitur

98 4315 194 4373 oratio
206 4315 242 4372 de
255 4313 303 4370 die
315 4321 342 4371 ct
355 4313 422 4369 duoe
430 4320 505 4387 poet,
519 4320 588 4368 tuno
599 4330 660 4368 non
673 4310 782 4369 dicitur
793 4310 894 4371 Oratio
903 4314 938 4371 de
948 4314 1080 4373 omnibuc
1086 4316 1209 4374 Sanctio.
1252 4318 1291 4375 m

99 4396 220 4471 quando
236 4394 347 4452 dieitur
361 4391 463 4452 Oratio
476 4394 510 4449 de
523 4392 570 4449 die
583 4400 609 4449 et
618 4399 758 4466 quattuor
766 4401 840 4467 poet,
855 4401 926 4452 tunc
934 4414 995 4452 uon
999 4398 1040 4470 fit
1053 4396 1290 4457 Oomnumoratio

99 4478 135 4536 de
147 4474 283 4543 omnibus
294 4473 417 4536 Smcetin
459 4472 517 4534 Sed
529 4473 647 4550 quum
660 4472 801 4532 dicuntur
812 4482 951 4548 quattuor
964 4483 1087 4551 tantum,
1102 4486 1172 4537 tune
1184 4480 1294 4555 quinto
