2804 4920
116 324 176 385 196
460 321 554 385 Dora.
577 320 641 385 eir.
660 329 736 406 past
759 319 971 385 Trinitatem.

480 538 642 596 Domitian
663 538 790 597 Daciam
810 538 950 609 Qunam.

176 619 317 692 Officium.

174 699 328 757 Protector
347 707 455 772 noster,
470 701 575 777 aspice,
592 701 682 770 Deus,
696 707 728 758 et
741 701 851 777 respice
865 702 897 758 in
910 701 1015 759 faciem
1030 700 1143 759 Christi
1156 702 1225 759 tui:
1245 702 1311 778 quia

113 780 217 837 melior
230 788 275 838 est
288 781 349 838 dies
363 801 423 838 una
436 782 468 837 in
481 782 567 838 atriis
580 782 640 839 tuis
653 802 741 858 super
754 782 856 839 millia

173 861 320 920 Paalmaa.

173 943 269 1013 Quam
295 943 402 1001 dilecta
428 943 619 1000 tabernacula
645 950 705 1015 tua,
729 944 857 1002 Domine
878 945 1043 1002 virtutum:
1073 945 1256 1022 concupiscit
1281 954 1309 1003 et

111 1023 212 1081 delicit
225 1024 324 1081 anima
338 1044 403 1081 mea
416 1025 449 1081 in
462 1026 538 1081 atria
553 1024 683 1082 Domini.

173 1104 283 1164 Oratio.

172 1186 367 1263 Omnipotens
380 1186 557 1262 sempiterne
568 1187 658 1255 Deus,
670 1187 709 1243 ‹la
718 1187 803 1244 nobis
814 1187 891 1259 fidei,
902 1188 972 1263 spei,
984 1195 1015 1245 ct
1029 1188 1164 1246 caritatis
1176 1209 1312 1266 augmen·

112 1275 194 1325 tum:
216 1275 247 1325 et
263 1275 298 1325 ut
317 1287 483 1325 mereamur
502 1268 616 1343 assequi
637 1268 715 1343 quod
737 1270 895 1344 promittis,
909 1273 955 1327 fac
969 1289 1024 1326 nos
1036 1288 1135 1327 amare
1148 1273 1230 1346 quod
1242 1290 1311 1347 prae

111 1349 190 1424 cipis.
235 1349 294 1406 Per
307 1349 479 1406 Dominum.

171 1432 221 1487 Ad
236 1431 358 1488 Galatae
372 1434 413 1503 (a
434 1430 548 1505 16-24).

151 1511 286 1569 Fratres:
309 1512 424 1587 Spiritu
438 1511 596 1582 ambulate,
611 1518 643 1568 et
655 1512 800 1568 desideria
813 1513 908 1569 carnis
921 1531 982 1570 non
996 1514 1153 1589 perficietis
1167 1534 1258 1590 usqae
1271 1514 1313 1571 ml

109 1612 225 1649 carnem
240 1612 324 1650 sumn
338 1593 549 1649 crucifixerunt
561 1612 629 1649 cum
644 1593 727 1648 vitiis
740 1602 771 1649 et
784 1594 1034 1669 concupiscentiis„

170 1674 346 1812 giiiiiiem
360 1755 494 1812 confiteri
508 1755 637 1810 Domino
652 1777 657 1810 :
679 1762 709 1811 et
723 1754 847 1830 psallere
861 1754 976 1811 nomini
989 1761 1051 1825 tuo,
1066 1755 1219 1815 altissima

116 1837 142 1894 V.
171 1836 221 1893 Ad
248 1836 486 1893 annuntiandum
509 1856 593 1893 manc
614 1836 843 1893 misericordiam
864 1843 966 1894 tuam:
994 1843 1026 1893 ct
1047 1839 1206 1895 veritatem
1227 1847 1386 1896 tuan-

107 1937 159 1993 per
173 1925 297 1974 noctem.

166 1998 315 2073 Alleluya.
365 1998 392 2055 V.
417 1997 606 2055 confitemini
621 1997 760 2066 Domino,
775 2005 805 2054 et
819 1997 957 2055 invocata
966 2016 1075 2056 nomen
1086 2001 1172 2075 ejus:
1194 2019 1388 2058 annun-

110 2080 184 2137 tiata
199 2080 278 2137 inter
291 2087 393 2156 gentes
407 2099 496 2155 opera
509 2080 580 2154 ejus.

166 2160 368 2236 Evangeliam.
416 2161 583 2218 Securalam
596 2161 708 2216 Lucam
721 2160 807 2236 (ccvii.
826 2160 942 2238 ll·l9).

167 2242 206 2298 ln
220 2242 271 2299 illo
285 2249 426 2316 tempore,
442 2243 516 2299 Cum
531 2242 588 2297 iret
598 2241 619 2298 J
622 2262 687 2298 esus
701 2242 733 2298 in
745 2241 941 2313 Hierusalem,
953 2242 1100 2300 transibat
1114 2263 1168 2320 per
1182 2244 1380 2302 mediam:

106 2324 267 2380 Samariam
283 2330 314 2379 ot
329 2323 481 2379 Grililaeam
495 2342 584 2397 caque
598 2323 639 2380 ad
655 2323 712 2379 nisi
733 2322 781 2379 hic
801 2321 973 2399 alienigena
1007 2322 1049 2381 Et
1061 2325 1106 2381 ait
1119 2325 1183 2382 illi:
1205 2327 1298 2403 Surge
1329 2361 1376 2391 =

105 2411 135 2461 ct
150 2404 241 2461 vade:
263 2405 333 2479 quia
348 2404 419 2461 tides
433 2412 485 2461 tua
499 2411 529 2460 te
543 2404 657 2461 salvum
672 2403 749 2460 fecit.

167 2484 361 2558 Qffiirloriam.

167 2567 310 2623 Immittit
330 2567 450 2642 augelus
465 2566 588 2623 Domini
610 2567 640 2622 iu
658 2566 782 2622 circuitu
798 2566 968 2623 timentium
983 2586 1060 2635 eum,
1075 2575 1107 2625 et
1120 2569 1228 2645 eripiet
1242 2589 1289 2626 eos
1327 2581 1363 2620 Ξ

103 2656 219 2721 gustate
234 2656 264 2705 et
279 2649 385 2717 videte,
401 2649 538 2723 quoniam
554 2649 653 2703 suavis
667 2655 711 2703 cst
726 2648 880 2704 Dominus.

164 2728 286 2787 Secreta.

164 2811 340 2887 Propitiarc,
358 2812 494 2878 Domine,
510 2810 617 2886 populo
631 2817 692 2879 tuo,
708 2810 867 2884 propitiare
888 2811 1077 2882 muneribus,
1098 2820 1134 2867 ut
1154 2812 1210 2869 hac
1231 2812 1296 2869 obla
1307 2837 1353 2850 Ι

104 2893 184 2949 tione
198 2893 339 2968 placatus,
352 2901 382 2949 ct
393 2893 605 2967 indulgentiam
621 2892 705 2947 uobis
719 2892 842 2962 tribuas,
854 2900 883 2947 et
898 2892 1048 2966 postulata
1058 2893 1206 2951 concedas.
1250 2894 1347 2951 Pet‘

109 2974 274 3030 Dominum.

164 3055 346 3112 Caririiiunio.

164 3137 253 3192 Panis
267 3157 354 3211 quom
370 3158 421 3205 rgo
436 3137 560 3192 ilcilero:
582 3155 648 3191 curo
664 3154 727 3190 mea
741 3140 787 3190 est
800 3153 853 3209 pro
868 3135 965 3190 saeculi
980 3136 1050 3191 vita

166 3219 404 3274 l'oslcommuuio.

162 3299 303 3374 Sumptis,
327 3299 463 3366 Domine,
485 3298 647 3355 amicalibus
668 3297 865 3366 sacramentis,
888 3297 925 3352 ud
946 3297 1156 3372 redempt-ionis
1178 3309 1329 3363 aterna,

100 3400 277 3456 quaesumus‚
293 3380 479 3454 proficiamus
492 3387 693 3455 augmentum.
739 3379 797 3435 Per
812 3379 984 3438 Dominum.

574 3567 669 3622 Fumi
692 3567 830 3634 Quirina.

160 3675 209 3729 ,ld
225 3674 391 3731 l'orinlliioa
404 3680 418 3743 (
426 3676 442 3729 :l
467 3675 500 3731 ri.
521 3675 645 3731 ll-ei‘i.
665 3674 677 3729 l
685 3674 707 3746 ).

165 3756 297 3812 Fratres:
331 3756 433 3811 Nolito
458 3759 561 3832 jugum
588 3757 692 3813 (lucere
718 3776 784 3811 cum
810 3756 978 3812 infidelibus
1003 3758 1052 3813 sed
1076 3777 1141 3814 cum
1168 3758 1332 3816 fidelibus

102 3859 188 3912 aspra·
204 3840 243 3893 llll
258 3839 441 3912 porlirioulcs
455 3840 712 3894 san<furantium
729 3838 758 3892 iu
776 3838 881 3892 eimau»
896 3839 960 3894 Dei.

160 3922 326 3975 Samonium
343 3919 476 3975 aleriam
494 3922 550 3991 (ri.
573 3921 684 3994 ll·lS).

163 4003 195 4057 lu
212 4002 262 4057 illo
278 4012 417 4074 tempore,
434 4002 575 4056 introivit
590 4003 679 4056 lesus
694 4001 933 4075 Hierosolymam
948 4021 1034 4073 usqae
1049 4003 1089 4057 ad
1100 4002 1327 4059 admirabatur

98 4104 185 4158 supra
201 4085 334 4139 doctriua
350 4084 421 4155 ojus

582 4198 681 4253 Funis
704 4199 832 4256 Saxa-u.¹

158 4301 203 4353 xiil
219 4298 385 4354 (animm
402 4297 427 4367 (l
457 4295 490 4351 ll.
510 4296 601 4364 illl).

159 4381 287 4436 lirulrrs:
307 4380 446 4441 Nescit-is,
460 4379 597 4450 quuiifnm
612 4377 705 4452 iuiipii
720 4401 807 4452 imeae
818 4383 859 4437 ad
870 4387 899 4436 ct
911 4399 964 4436 nos
976 4379 1131 4436 suscitabit
1144 4400 1197 4456 per
1207 4379 1317 4435 virtu*

95 4470 151 4516 lem
169 4481 258 4516 suani.
