2804 4920
312 351 415 417 Faria
435 350 480 416 oi.
507 350 675 432 Quattuor
698 350 901 438 Temporuun
921 349 1107 416 Advectos.
1279 355 1313 422 -7

168 519 278 577 Versus.
322 519 455 577 Laudem
478 519 602 576 Domini
623 518 762 595 loquetur
783 538 816 576 os
836 537 960 577 meum:
990 525 1021 578 et
1042 518 1197 577 benedicat
1217 521 1312 578 omnis

99 619 170 658 curo
184 619 292 658 nomen
306 607 441 658 sunctum
455 601 525 676 ejus.

161 681 323 758 Repetatur
348 681 496 740 Grodobr:
527 689 553 739 et
576 680 628 739 looc
651 681 810 738 observetur
833 680 868 738 iro
894 680 1027 739 omnibus
1049 680 1227 740 Gradotiooa
1245 691 1312 758 post

100 763 252 838 Epistolas
273 763 403 820 dimidio
423 763 458 819 iou
479 762 576 820 Feriis
598 770 624 820 ct
651 761 765 837 Vrpilc't's
785 782 842 838 per
863 770 1093 834 totticionem,
1113 763 1231 837 proruto
1252 784 1312 822 riou

99 844 212 901 «licitur
226 843 377 920 Allelnya,
392 864 443 901 nec
459 842 582 901 Proetus

162 925 331 984 Servatum
344 924 457 982 Dromo
470 923 508 1000 (i.
525 923 640 1001 26-38).

163 1007 202 1064 In
226 1005 279 1064 illo
301 1013 443 1083 ternpore,
466 1005 576 1064 Missus
600 1011 645 1063 est
672 1004 808 1081 Angelus
831 1004 992 1062 Gabriele
1013 1005 1078 1062 Deo
1099 1004 1133 1062 in
1160 1004 1311 1062 civitatem

104 1086 242 1159 Gulilaeae,
257 1107 347 1162 παφα
367 1088 408 1144 od
430 1086 505 1144 Ecce
527 1086 634 1144 ancille
656 1085 780 1144 Domini
790 1105 799 1158 ;
830 1086 884 1143 fiat
905 1085 980 1142 mihi
1003 1085 1164 1145 secundum
1186 1087 1310 1144 verbum

103 1174 197 1226 tuum.

164 1249 358 1323 Offcrtoriuru.

165 1332 233 1388 Ave
248 1329 356 1400 Murio,
370 1329 466 1406 grstia
479 1328 585 1406 plenc3
612 1327 759 1386 Dominus
776 1334 893 1387 tecum:
920 1327 1075 1386 benedicta
1088 1334 1123 1386 tu
1137 1329 1170 1386 in
1182 1328 1311 1387 mulieri-

104 1411 165 1480 bus,
179 1418 212 1468 et
223 1411 396 1469 benedictus
408 1411 522 1468 fructus
535 1410 650 1468 ventris
663 1410 717 1469 tui

161 1491 284 1550 Secreto.
338 1528 341 1533 ·

161 1573 296 1649 Accepta
325 1572 383 1631 tibi
412 1573 481 1644 sint,
511 1591 686 1648 quaesumus,
715 1570 853 1645 Domine,
882 1590 1005 1629 munera
1032 1576 1133 1629 nostru
1144 1590 1153 1642 3
1186 1590 1252 1648 quse
1280 1578 1310 1628 et

104 1653 248 1730 expiando
275 1673 329 1711 nos
355 1660 409 1711 tua
435 1654 532 1729 gratia
559 1654 664 1730 dignos
691 1651 827 1725 efficiunt,
857 1658 888 1710 et
922 1652 961 1710 ud
994 1653 1173 1728 sempiterna
1205 1652 1312 1728 geirdiu
1337 1702 1340 1709 .

105 1735 272 1810 perducent
330 1734 388 1792 Per
409 1734 580 1794 Dominum.

162 1815 306 1890 Proesutio
327 1815 507 1890 quotidiam

163 1897 346 1955 Oooommtio.
391 1897 466 1953 Ecce
489 1896 573 1973 virgo
595 1894 742 1971 concipiet
765 1900 796 1952 et
818 1895 915 1971 periet
939 1894 1072 1954 Filium:
1102 1903 1134 1952 ct
1157 1894 1311 1953 vocabitur

106 1997 211 2035 nomen
231 1978 296 2053 ejus
317 1976 502 2034 Emmanuel

163 2059 405 2117 Postcommurtio.

163 2139 309 2198 Salutaris
322 2139 378 2209 tui,
392 2138 530 2210 Domine,
546 2157 669 2194 munere
691 2137 801 2211 satiati,
817 2136 962 2214 supplices
982 2143 1014 2195 te
1036 2136 1246 2214 deprecamur:
1273 2144 1309 2195 ut
1346 2171 1355 2185 ·

108 2221 186 2297 cujus
199 2221 336 2278 laetamur
348 2226 447 2298 gustu,
463 2238 639 2277 renovemur
653 2218 768 2278 effectu.
811 2218 870 2276 Per
884 2218 1056 2276 Dominum.

397 2425 497 2483 ans
518 2424 621 2482 Sexus
642 2425 812 2495 Qusrroou
833 2423 1015 2483 Tnurouun

167 2552 306 2628 Officium.

162 2633 259 2711 Prope
282 2640 354 2706 esto,
378 2633 515 2705 Domine,
539 2638 570 2691 et
594 2653 694 2691 omnes
707 2634 764 2691 vire
786 2639 845 2690 tuse
864 2633 992 2692 veritas:
1016 2632 1105 2691 initio
1126 2634 1250 2710 cognovi
1272 2633 1308 2691 de

108 2715 279 2773 testimoniis
291 2715 361 2787 tuis,
378 2716 448 2791 quic
460 2715 494 2772 in
508 2720 652 2772 aeternum
665 2720 700 2771 tu
715 2733 754 2771 es.

162 2797 306 2854 Psalmus.

161 2877 249 2935 Beati
262 2876 445 2935 immaculati
457 2876 491 2933 in
504 2876 573 2935 vie:
594 2877 646 2952 qui
660 2874 815 2933 ambulant
827 2875 860 2932 in
874 2873 937 2952 lege
951 2873 1082 2931 Domini

163 2959 272 3017 Oratio.

160 3039 278 3111 Excito,
294 3039 430 3110 Domine,
446 3038 611 3114 potentiam
630 3044 712 3094 tuam
731 3042 762 3094 et
777 3037 846 3094 reni
856 3055 865 3109 3
890 3041 925 3093 ut
944 3036 977 3092 hi
997 3035 1049 3114 qui
1068 3035 1101 3092 in
1122 3040 1175 3092 tua
1194 3035 1306 3112 pietate

109 3120 261 3191 confidunt,
276 3119 315 3177 ab
328 3120 411 3177 omni
423 3119 511 3176 citius
524 3119 703 3176 adversitate
715 3117 887 3176 liberentur.
930 3117 990 3186 Qui
1003 3117 1080 3173 vivis
1095 3123 1125 3174 et
1139 3136 1251 3193 regnes.

159 3201 255 3259 loct-io
270 3201 368 3258 Esoiae
382 3199 532 3275 Proplietae
545 3198 601 3276 (osi.
620 3200 665 3256 1-5
668 3200 693 3276 )

159 3281 235 3340 Haec
249 3281 323 3339 dicit
336 3282 484 3339 Dominus
498 3280 599 3353 Deus;
619 3279 797 3357 Egredietur
809 3278 894 3357 virgo
907 3278 944 3337 de
957 3278 1054 3337 radice
1067 3278 1089 3337 J
1090 3297 1152 3337 csse
1162 3298 1251 3355 usque
1265 3280 1306 3336 orl

109 3369 132 3418 et
144 3362 214 3421 fides
227 3363 405 3421 cinctorium
419 3381 525 3420 renum
538 3362 608 3438 ejus.

161 3443 298 3502 Gradole.

159 3524 291 3583 Ostende
310 3524 404 3595 nobis,
425 3524 562 3596 Domine,
579 3522 809 3579 misericordiam
828 3527 931 3580 tuam:
957 3527 988 3579 et
1010 3521 1139 3580 solutore
1159 3527 1246 3578 tuum
1267 3522 1305 3579 da

108 3605 188 3664 nobis.

107 3762 123 3819 J
163 3687 273 3745 Vernus
316 3685 511 3758 Benedixisti,
529 3685 666 3757 Domine,
688 3690 799 3742 terrem
818 3680 920 3741 tuum:
945 3683 1080 3742 evertisti
1100 3683 1304 3760 captivitatem

124 3768 199 3826 acob.

157 3849 318 3924 Repetotur
333 3847 467 3906 Gradole.

157 3929 326 3988 Securuium
339 3930 452 3986 Iaooom
465 3927 501 4005 (i.
516 3928 631 4005 39-47)

157 4010 196 4068 In
214 4010 268 4068 illo
288 4019 426 4087 tempore,
441 4010 612 4086 Exsurgens
634 4009 733 4065 Maria
753 4007 829 4066 abiit
852 4007 884 4065 in
905 4013 1047 4066 montane
1066 4027 1156 4084 ueqroc
1176 4008 1217 4065 acl
1238 4006 1302 4064 Deo

107 4090 220 4149 salutari
233 4111 307 4149 meo.

159 4171 351 4247 offertorium.

158 4253 248 4325 Deus,
264 4260 301 4310 tu
322 4259 496 4310 convertens
509 4251 673 4309 vivificabis
689 4271 763 4309 nos:
790 4257 822 4309 et
842 4250 924 4328 plebs
946 4257 1000 4309 tua
1021 4250 1172 4308 loetabitur
1192 4250 1225 4307 in
1249 4255 1300 4307 te:

109 4335 217 4393 utendo
230 4335 325 4400 nobis,
341 4334 478 4405 Domine,
494 4332 723 4390 miscricordiam
737 4339 827 4402 tuam,
839 4339 869 4390 et
883 4333 1012 4390 salutare
1027 4339 1112 4389 tuum
1126 4331 1165 4388 da
1177 4330 1270 4388 nobis.

114 4409 354 4482 [Benedixisti
382 4415 519 4485 Domine,
548 4421 657 4470 terrum
684 4419 777 4484 tuam,
802 4414 938 4472 avertisti
964 4412 1168 4490 captivitatem
1190 4412 1302 4471 Jacob:

110 4496 237 4556 tumuisti
249 4496 440 4572 iniquitatem
455 4495 549 4572 plebis
562 4503 629 4552 tuoe.
