2804 4920
126 334 167 402 76
505 332 545 397 H
544 331 610 397 elul.
625 352 654 396 c.
672 329 949 416 Quadrupseimoe.

186 498 376 638 giiililiuco
390 579 444 638 boc
454 578 578 655 jejunio,
594 579 685 652 Deus,
699 585 820 637 tuorum
834 579 922 637 corde
935 578 1067 637 fidelium
1080 578 1237 636 miserator
1250 576 1333 635 illus·

124 668 191 719 tre:
211 668 243 719 et
263 661 370 737 quibus
391 660 555 719 devotionis
575 667 696 738 praestas
715 661 864 735 effectum,
878 660 976 738 proebe
989 658 1227 737 supplicantibus
1246 658 1330 736 pium

125 741 270 819 benignus
283 741 427 799 auditum.
472 740 531 799 Per
544 741 716 801 Dominum.

186 840 282 898 Lectio
297 840 365 899 libri
377 840 498 899 Levitici
510 840 588 915 (cic.
606 840 722 915 10-19).

187 920 226 978 Iu
247 920 350 978 diebus
370 921 438 993 illis,
461 921 592 979 Locutus
612 928 657 979 est
677 920 825 979 Dominus
844 920 882 978 ed
903 920 1028 997 Moysen
1048 920 1168 992 dicens;
1188 918 1255 997 Ego
1273 916 1332 975 Do-

126 1002 226 1059 minus
240 1002 322 1059 Dcue
335 1008 433 1060 vester
445 1022 536 1078 usquc
548 1003 590 1060 ud
604 1001 696 1080 Leges
710 1021 789 1059 meus
809 1001 962 1060 custodite.
1004 1002 1070 1080 Ego
1090 1002 1170 1060 enim
1191 1018 1261 1058 eum
1274 997 1333 1056 Do

127 1082 226 1140 minus
240 1082 323 1140 Deus
336 1090 441 1142 vester.

190 1178 325 1236 Grrulclc.

187 1259 335 1318 Exeltubo
349 1267 388 1335 te,
404 1260 542 1333 Domine,
557 1260 696 1337 quoniam
710 1259 864 1338 suscepisti
876 1279 941 1318 me:
960 1279 1014 1318 nec
1028 1258 1182 1318 delectasti
1195 1256 1334 1317 inimicos

129 1360 316 1479 Illleolbddiidre
322 1360 412 1479 uilius
426 1442 516 1494 meus,
529 1421 653 1479 clamavi
663 1421 701 1478 ed
714 1428 754 1495 te,
765 1428 796 1478 et
806 1422 916 1480 sonesti
927 1441 974 1479 me
985 1442 993 1494 ;
1008 1421 1147 1492 Domine,
1156 1418 1335 1478 ebstruxisti

127 1503 165 1560 ab
178 1502 281 1560 inferis
294 1503 424 1561 animem
437 1522 549 1560 mecm:
571 1503 692 1560 salvasti
705 1522 752 1561 me
765 1523 784 1560 a
797 1502 1040 1561 descendentibus
1053 1503 1086 1559 in
1099 1501 1206 1560 lucum.

189 1601 320 1657 Proetus.

188 1681 235 1739 Dc
248 1680 478 1739 necessitutibus.

189 1778 356 1836 Secund-um
369 1776 537 1835 Jolcouucm
550 1778 593 1856 (tc.
611 1776 725 1855 22-38).

190 1859 230 1916 In
244 1859 296 1916 illo
310 1865 451 1935 tempore,
468 1859 561 1917 Facto
576 1866 647 1917 suut
664 1859 804 1916 Encaenic
816 1858 849 1915 in
864 1856 1091 1933 Hierosolymis:
1112 1862 1146 1914 et
1159 1856 1260 1914 hiems
1273 1863 1339 1915 eret

129 1960 219 2015 usqzcc
233 1940 274 1996 cul
287 1946 318 1998 et
332 1940 465 2012 credetis,
481 1940 552 2016 quin
564 1940 597 1997 in
609 1959 657 1998 me
670 1945 716 1997 est
729 1940 829 2012 Pater,
845 1945 875 1997 ct
889 1959 942 2017 ego
955 1939 988 1996 in
1001 1938 1099 1997 Putre.

192 2037 386 2111 Offertcrium.

189 2118 279 2194 Eripe
293 2138 340 2175 me
360 2117 397 2175 de
417 2117 544 2175 inimicis
564 2117 645 2188 mois,
661 2117 742 2175 Deus
762 2137 863 2176 meus:
883 2123 914 2175 ct
933 2117 972 2174 ab
991 2114 1214 2193 insurgentibus
1234 2114 1272 2173 in
1291 2132 1342 2173 me

130 2199 224 2256 libero
237 2217 292 2270 me,
309 2197 445 2257 Domine.

192 2294 312 2352 Secreto.

191 2375 303 2432 Annus
317 2374 479 2432 misericors
493 2374 593 2445 Deus;
613 2380 648 2432 ut
668 2375 779 2433 hostias
799 2375 973 2452 placationis
992 2380 1024 2434 et
1043 2374 1139 2433 leudis
1152 2374 1271 2433 sincero
1283 2373 1343 2432 tibi

128 2456 295 2514 deferemus
309 2455 456 2530 obsequio.
500 2456 559 2512 Per
573 2456 744 2514 Dominum.

194 2550 374 2612 Commum'o.

192 2634 312 2692 Lavabo
332 2634 412 2691 inter
432 2634 602 2692 innocentes
622 2653 726 2691 munus
747 2654 845 2691 nicos:
870 2641 900 2691 et
918 2634 1046 2692 circuibo
1060 2633 1152 2691 ultore
1167 2639 1265 2703 tuum,
1283 2633 1345 2691 Do·

133 2716 231 2788 mine,
252 2724 287 2772 ut
299 2715 418 2772 audiam
432 2735 534 2773 vocem
548 2714 643 2772 laudis
657 2722 725 2788 truc,
741 2721 772 2773 et
785 2735 918 2772 enarrem
932 2715 1070 2772 universa
1083 2714 1232 2772 mirabilis
1245 2720 1310 2772 tue.

212 2814 222 2841 ,
407 2813 413 2825 .

193 2813 639 2951 ddclbcsbiel’'ilquiobencdictione
660 2900 803 2971 percepto,
819 2892 963 2970 supplices
984 2900 1022 2964 ts,
1038 2892 1121 2950 Deus
1141 2892 1344 2969 omnipotens,

133 2976 339 3051 ‹leprecamur3
360 2980 396 3030 ut
415 2975 470 3032 boc
490 2975 569 3031 idem
590 2975 674 3031 nobis
695 2981 726 3031 et
740 2975 915 3032 sacrementi
928 2994 1015 3031 cause
1027 2974 1067 3030 sit
1080 2979 1111 3030 et
1124 2973 1238 3030 salutis
1285 2972 1348 3031 Per

135 3056 306 3112 Dominum.

194 3151 289 3225 Super
308 3150 458 3226 populum

194 3232 309 3288 Adesto
323 3231 587 3307 supplicationibus
600 3230 718 3296 nostrie,
733 3233 917 3309 omnipotens
932 3234 1022 3303 Deus,
1034 3239 1065 3290 et
1079 3233 1187 3309 quibus
1201 3232 1347 3292 fiduciam

135 3312 284 3447 eliciendis
305 3311 424 3449 ppptatis
445 3309 586 3388 indulges,
599 3318 745 3368 consuetus
766 3314 969 3373 misericordius
984 3315 1081 3371 tribue
1097 3314 1244 3391 benignus
1258 3316 1347 3374 effec-

135 3400 209 3451 tum.
279 3411 311 3448 er
356 3391 496 3449 ominum.

613 3519 712 3577 Fusus
733 3522 862 3591 Quium„

199 3616 338 3692 Officium.

178 3698 286 3755 Omnis
306 3716 371 3772 quae
392 3695 487 3753 fecisti
507 3696 600 3767 nobis,
616 3696 753 3770 Domine,
768 3699 800 3756 in
814 3719 883 3757 vero
898 3700 1011 3774 judicio
1025 3700 1121 3758 fecisti
1130 3721 1139 3774 ;
1160 3703 1231 3779 quia
1245 3723 1349 3780 pecce-

136 3778 234 3835 vimus
248 3777 305 3833 tibi
319 3785 349 3833 et
362 3776 508 3833 mundetis
522 3777 582 3833 tuis
597 3796 657 3834 non
671 3779 870 3837 obedivimus:
891 3781 941 3837 sed
955 3782 993 3838 da
1006 3781 1130 3859 gloriam
1144 3784 1264 3842 nomini
1284 3790 1348 3856 tuo,

137 3868 168 3918 et
181 3859 226 3916 fac
240 3858 393 3915 uobiscum
406 3857 567 3913 secumdum
581 3857 803 3917 multitudinem
816 3861 1020 3918 misericordius
1035 3870 1102 3920 tuae.

217 3958 227 3985 )

198 3954 493 4129 ffltglpuugebomim'
506 4039 537 4092 ct
550 4032 705 4091 laudabilis
712 4036 817 4095 nimis:
837 4037 870 4095 in
883 4038 1003 4097 civitate
1014 4041 1072 4098 Dei
1082 4043 1186 4115 nostri,
1198 4042 1231 4100 in
1242 4050 1350 4103 moute

138 4124 240 4177 sancto
255 4136 326 4193 ejus.

200 4214 309 4273 Oratio.

200 4297 320 4367 Praests,
336 4311 511 4370 quesumus,
524 4290 711 4365 omnipotens
725 4291 813 4365 Deus,
825 4298 862 4350 ut
873 4294 1002 4370 dignitus
1015 4298 1193 4357 conditionis
1206 4301 1347 4360 humanae

139 4397 198 4516 ¹1³>er
206 4375 460 4516 iffiofflthm
480 4371 619 4443 sauciata,
635 4370 815 4429 medicinalis
835 4378 1018 4450 persiruouiae
1038 4380 1137 4437 studio
1157 4382 1346 4441 reformetur.
