2804 4920
463 307 511 373 [a
532 306 624 372 Festo
649 307 804 392 Corporis
827 306 962 373 Christi.
1072 284 1074 289 s

475 474 586 532 Laudis
599 473 700 532 thema
713 474 855 550 specialis,

516 555 606 613 Panis
619 555 708 613 vivus
721 561 752 612 et
765 555 866 613 vitalis

556 636 655 693 Hodie
668 636 861 713 proponitur3

474 716 569 788 Quem
583 717 616 773 in
629 736 717 774 sacrae
731 736 832 775 mensa
845 737 923 775 cenae

513 798 619 855 Turbae
632 797 759 854 fratrum
773 798 914 856 duodena

553 878 667 935 Datum
681 898 741 936 non
754 880 923 956 ambigitur.

472 958 520 1017 Sit
533 958 598 1017 taus
611 959 708 1036 plena,
723 959 764 1016 sit
777 979 891 1032 sonora,

512 1039 559 1097 Sit
567 1040 705 1115 joctmda,
721 1040 761 1097 sit
774 1041 878 1098 decora

551 1120 665 1178 Mentis
673 1121 832 1197 jubilati03

472 1201 545 1259 Dies
558 1201 638 1258 enim
651 1202 801 1259 sollemnis
814 1203 921 1279 agitur,

512 1282 550 1340 In
565 1302 624 1358 qua
637 1302 744 1340 mensae
758 1283 854 1359 prima
867 1283 1007 1342 recolitur

550 1363 654 1439 Hujus
667 1363 824 1421 institutio
951 1367 956 1381 ’

470 1443 509 1501 In
522 1443 577 1501 hac
590 1463 691 1501 mensa
703 1445 775 1502 novi
789 1445 866 1522 regis

510 1524 632 1582 Novum
646 1524 759 1583 Pascha
773 1544 857 1583 novae
871 1525 944 1602 legis

550 1603 680 1662 Pascha*
695 1612 781 1664 vetus
794 1607 942 1664 terminat.

471 1686 661 1745 Vetustatem
675 1687 801 1758 novitus,

393 1836 397 1844 .
510 1766 657 1825 Umbram
670 1767 755 1844 fugat
768 1767 887 1841 veritas,

548 1847 676 1905 Noctem
689 1848 744 1905 lux
757 1848 916 1905 illuminat.

468 1928 556 1997 Quod
569 1929 601 1985 in
615 1948 687 1986 cena
701 1929 837 1986 Christus
850 1929 950 2006 gessit,

508 2008 689 2067 Faciendum
702 2009 757 2067 hoc
771 2010 917 2087 expressit

548 2091 587 2148 Iu
601 2089 648 2148 sui
662 2091 840 2148 memoriam.

468 2171 558 2228 Docti
571 2171 661 2229 sacris
674 2171 831 2245 institutis,

509 2251 629 2323 Panem,
645 2253 757 2322 viuum,
772 2254 805 2309 in
819 2252 924 2310 salutis

547 2331 757 2391 consecramus
770 2332 905 2393 hostiam

466 2413 582 2489 Dogma
595 2413 684 2471 datur
697 2413 883 2485 Christiania,
989 2470 999 2491 ‚

508 2493 593 2563 Quod
606 2494 638 2550 in
652 2514 770 2552 carnem
784 2495 892 2552 transit
905 2495 997 2572 panis,

546 2574 588 2632 Et
600 2575 705 2632 vinum
718 2576 752 2632 in
765 2576 946 2651 sanguinem

465 2655 551 2725 Quod
565 2674 625 2713 non
639 2656 726 2732 capis,
742 2657 820 2732 quod
834 2676 894 2713 uon
907 2655 998 2728 vides,

505 2736 651 2794 Animosa
664 2737 764 2793 firmat
777 2737 858 2811 fides,

545 2816 659 2874 Proeter
671 2836 768 2874 rerum
784 2818 924 2875 ordinem.

464 2896 526 2956 Sub
539 2897 663 2956 diversis
677 2898 835 2974 speciebus,

503 2978 603 3054 Signis
616 2985 735 3036 tantum
748 2987 779 3037 et
793 2998 853 3036 non
867 2979 963 3048 rebus,

544 3059 654 3117 Latent
667 3079 713 3117 res
727 3060 842 3117 eximia
856 3080 862 3117 ε

463 3139 538 3199 Caro
552 3141 644 3214 cibus,
659 3142 777 3218 sanguis
791 3147 898 3217 potus;

501 3221 607 3279 Manet
619 3227 719 3279 temen
734 3221 870 3279 Christus
883 3227 965 3279 totus

542 3301 604 3360 Sub
618 3308 744 3378 utraque
757 3302 859 3379 specie.

462 3383 492 3440 A
505 3390 639 3440 sumente
652 3402 712 3440 non
726 3383 868 3452 concisus,

500 3462 572 3522 Non
586 3464 758 3535 confractus,
774 3483 834 3521 non
848 3462 968 3536 divisus,

540 3544 662 3620 Integer
674 3544 824 3622 accipitur.

459 3625 558 3684 Sumit
572 3645 658 3696 unus,
672 3631 795 3683 sumunt
807 3625 907 3699 miJle;

500 3706 655 3775 Quantum
668 3707 719 3762 isti
732 3712 851 3763 tantum
864 3707 924 3778 iile,

540 3786 604 3844 Nec
618 3794 753 3864 sumptus
766 3789 957 3845 consumitur.

459 3867 588 3926 Sumunt
600 3867 680 3938 boni,
695 3875 817 3926 sumunt
830 3869 911 3941 mali,

500 3948 585 4006 Sorte
598 3955 697 4006 tamen
713 3949 854 4025 inaequali

538 4029 620 4086 Vitse
634 4030 682 4086 vel
696 4030 842 4087 interitus.

460 4111 543 4168 Mors
557 4117 602 4168 est
615 4111 708 4179 malis,
723 4112 786 4168 vita
799 4110 903 4184 bonis;

498 4191 577 4248 Vide
592 4192 670 4268 paris
684 4192 861 4268 sumptionis

539 4271 634 4343 Quam
649 4273 689 4330 sit
703 4273 803 4349 dispar
815 4273 921 4330 cm'tus

536 4439 549 4464 ⁵
564 4439 609 4486 Ed.
620 4440 667 4486 aud
678 4439 847 4486 tis-Pmso.

684 4531 709 4572 Μ
