2804 4920
163 357 205 418 82
461 351 836 418 DootisiccisnRumis
850 353 1065 419 Palmaruoa

169 518 199 579 V.
227 519 279 578 Ad
299 525 331 578 te
352 519 562 614 clamaverunt,
578 524 609 577 et
630 518 707 578 salvi
727 519 800 578 facti
821 525 909 578 sunt:
939 519 972 578 in
985 525 1016 578 tc
1030 526 1235 598 speraverunt,
1254 525 1287 578 et
1306 538 1370 578 non

164 600 412 759 Vmiiginsaidiem
436 700 501 738 sum
521 680 638 753 vermis,
661 686 692 739 et
719 700 781 739 non
804 681 910 740 homo:
940 681 1132 759 opprobrium
1154 681 1324 754 hominum,
1337 688 1369 741 et

163 763 290 839 abjectio
303 763 405 839 plebis.

169 844 199 902 V.
225 843 336 902 Omnes
358 842 410 920 qui
432 843 574 901 videbant
595 861 651 915 me,
666 843 902 919 aspernabantur
922 862 988 903 mc:
1018 843 1111 902 locuti
1130 848 1202 902 sunt
1223 842 1322 917 labiis,
1339 848 1370 901 et

164 930 323 982 moverunt
336 928 433 1000 caput.

171 1006 199 1064 V.
227 1004 364 1082 Speravit
384 1005 416 1061 in
431 1003 569 1076 Domino,
586 1003 693 1080 eripiat
710 1024 796 1062 eum:
817 1004 931 1062 salvum
945 1004 1035 1063 faciat
1054 1025 1131 1079 eum,
1145 1004 1291 1082 quoniam
1304 1004 1370 1063 vult

166 1105 291 1243 Vimipsi
303 1185 373 1224 vcro
386 1165 647 1224 consideraverunt
660 1171 690 1223 et
703 1172 920 1242 conspexerunt
934 1185 999 1224 met
1027 1166 1194 1225 diviseramt
1212 1166 1272 1225 sibi
1284 1165 1370 1225 vesti·

166 1255 268 1305 menta
280 1266 355 1319 mea,
373 1252 404 1304 ct
417 1266 505 1323 super
518 1252 631 1304 vest'em
644 1267 741 1304 meam
755 1247 900 1304 miserunt
912 1256 1030 1305 sortem.

173 1328 203 1386 V.
231 1327 340 1386 Libera
357 1347 406 1385 me
430 1327 466 1386 de
489 1346 540 1423 ore
561 1327 671 1385 leonis:
702 1332 733 1384 et
753 1347 772 1384 a
793 1328 931 1385 cornibus
952 1328 1141 1387 unicornium
1165 1327 1367 1387 humilitatem

168 1428 289 1628 ἴαὸῃιιί
301 1489 415 1547 timetis
429 1488 602 1561 Dominum,
617 1488 736 1546 laudate
749 1509 817 1547 eum
830 1509 836 1547 :
857 1490 1029 1548 universum
1042 1509 1142 1548 semen
1150 1489 1248 1548 Jacob
1261 1489 1369 1568 magni·

192 1579 257 1629 cate
270 1590 346 1629 ciam.

60 1683 62 1686 ·
175 1653 203 1711 V.
230 1651 472 1709 Annuntiabitur
493 1649 622 1708 Domino
649 1649 799 1727 generatio
822 1656 968 1710 ventura:
1007 1656 1038 1710 et
1060 1650 1288 1711 annuntiabunt
1309 1649 1367 1711 cali

166 1732 317 1810 justitiam
331 1732 402 1808 ejus.

178 1814 206 1873 V.
231 1813 345 1890 Populo
360 1812 413 1890 qui
426 1816 574 1869 nascetur:
593 1830 679 1887 quam
694 1811 765 1870 fecit
775 1812 929 1870 Dominus.

229 1908 368 1985 Sequitur
380 1908 484 1967 Passio
498 1928 564 1966 cuma
577 1908 724 1966 Dominus
738 1909 896 1966 vobiscum.

229 2006 365 2065 Haedis
387 2015 503 2063 tantum
525 2004 643 2063 dicatur
664 2014 731 2063 ants
746 2005 923 2077 Passionem,
940 2004 1040 2064 Passio
1054 2005 1179 2064 Domini
1190 2005 1359 2065 nostriset

171 2088 284 2149 omisi
294 2086 461 2146 Secundum
472 2085 650 2143 Matthaeum
660 2086 752 2163 (omos
764 2087 851 2144 cccii.
865 2051 960 2165 1-6'1).
989 2086 1059 2145 Non
1067 2086 1186 2145 demtus
1196 2085 1356 2147 Gloriatur

232 2185 272 2242 In
296 2184 348 2242 illo
375 2189 517 2259 tempore,
543 2182 632 2240 Dixit
661 2183 749 2242 Jesus
777 2184 928 2259 discipulis
955 2184 1040 2242 suis:
1080 2183 1191 2243 Scitis
1188 2185 1272 2262 quia
1301 2187 1354 2261 poti

169 2266 295 2326 biduum
316 2264 430 2322 Pascha
449 2263 501 2320 fiet
520 2284 610 2338 amque
630 2265 671 2321 ad
686 2264 784 2341 (cccii.
801 2264 852 2342 50)
867 2285 938 2323 voce
952 2285 1059 2343 magna
1071 2250 1171 2323 emisit
1183 2265 1323 2342 spiritum.

230 2362 290 2419 Hic
312 2360 478 2419 inclinatos
498 2359 656 2433 Deacomcs,
671 2359 716 2418 'vel
732 2370 906 2437 prosternat,
928 2382 1025 2420 omues
1045 2363 1189 2420 samem.
1234 2361 1274 2419 Et
1291 2360 1353 2419 des

168 2442 325 2523 privatim·
413 2505 623 2581 paternoster}
665 2522 733 2580 Ave
747 2522 850 2580 Maria
894 2523 933 2580 In
946 2542 1051 2581 manus
1064 2529 1138 2580 tuas

171 2640 212 2697 Et
227 2657 292 2697 ecce
305 2637 405 2695 velum
423 2635 527 2712 templi
547 2635 667 2692 scissum
688 2642 732 2691 est
753 2656 843 2709 usque
861 2637 901 2692 ad
922 2636 1054 2693 sedentes
1074 2642 1178 2694 contra
1198 2635 1348 2714 sepulcrum

232 2720 296 2777 Hoc
322 2719 406 2776 otodo
434 2717 568 2792 lepontw
591 2715 743 2773 Passiones
766 2736 855 2791 usque
881 2718 922 2772 ad
946 2717 1130 2774 Parasceven.
1181 2715 1351 2793 Eoomqelt'am

171 2811 275 2871 samm,
291 2800 394 2859 scilicet
408 2798 515 2856 Altera
528 2804 628 2855 autem
642 2797 697 2868 die,
714 2796 825 2871 leqatur
834 2796 953 2872 festive:
973 2807 999 2854 et
1012 2798 1054 2855 sic
1066 2799 1100 2855 de
1114 2799 1218 2857 ceteruia

231 2898 262 2955 Ε
264 2896 433 2972 casualium.
476 2893 643 2953 Secundum
656 2893 832 2951 Maetlaaecm
845 2893 949 2967 (comi.
967 2894 1081 2973 62-66).

233 2992 341 3048 Altera
362 2995 463 3046 autem
483 2987 538 3055 die,
553 3007 618 3062 quae
637 2994 682 3044 est
704 2995 770 3063 post
793 2988 982 3057 Parasceven,
1001 2993 1206 3045 convenerunt
1226 2984 1350 3064 principes

172 3092 262 3147 eaeque
276 3073 316 3128 ad
337 3070 390 3126 Illi
409 3075 509 3126 autem
529 3068 680 3141 abeuntes,
696 3068 870 3124 munierunt
883 3068 1057 3144 sepulcrum,
1072 3069 1224 3145 signantes
1237 3064 1348 3145 lapidem.

77 3223 79 3226 Ι
174 3173 241 3210 cum
257 3150 433 3209 custodibus.

236 3231 453 3388 iffiipileissm
476 3309 644 3386 expectavit
664 3328 714 3367 cor
733 3329 840 3381 mcum,
863 3315 894 3367 et
914 3309 1079 3367 miserium:
1109 3316 1140 3368 ct
1163 3309 1295 3381 sustinui,
1311 3297 1352 3380 qui

174 3394 262 3452 simul
277 3392 510 3461 contristaretur,
521 3397 552 3448 et
562 3409 621 3447 non
635 3390 711 3448 fuit:
732 3392 930 3448 consolantem
940 3411 987 3448 me
998 3391 1129 3468 quaesivi,
1141 3399 1173 3449 et
1183 3412 1243 3449 non
1254 3382 1352 3447 inveni·

175 3482 205 3532 et
219 3472 409 3532 dedoruntin
423 3491 516 3529 escam
530 3491 627 3528 meam
639 3471 748 3543 fel
718 3477 748 3528 et
761 3474 793 3528 in
807 3473 856 3528 siti
871 3492 936 3529 mea
949 3479 1129 3549 potaverunt
1142 3492 1189 3530 me
1203 3479 1288 3530 aceto.

235 3556 356 3613 Secreta.

236 3634 378 3705 Concede,
392 3652 568 3708 quaesumus,
591 3633 728 3704 Domine,
751 3639 785 3690 ut
806 3633 898 3690 oculis
916 3640 975 3690 tuse
995 3633 1159 3709 majestatis
1176 3622 1356 3692 munusobla·

174 3724 285 3776 tumet
298 3716 424 3792 gratiam
438 3715 522 3770 nobis
535 3713 700 3771 devotionis
714 3715 885 3783 obtineate
887 3715 1002 3771 tteffcc
990 3720 1054 3770 tum
1068 3715 1161 3772 beatae
1180 3702 1357 3792 perennitatis

176 3799 316 3874 acquirat.
297 3795 419 3853 tPer
433 3795 603 3853 Dominum.

196 3890 386 4031 dssroefctio.
429 3891 487 3959 Qui
501 3891 627 3948 salutem
639 3890 762 3948 humani
779 3890 901 3966 generis
944 3890 985 3948 Et
1005 3890 1122 3949 duatus
1141 3890 1265 3968 quotidie
1282 3889 1362 3960 saw

175 3996 195 4032 a
259 3992 416 4030 occassum.

235 4069 444 4223 giiiiiiicn
457 4154 555 4225 potest
567 4147 616 4205 hic
629 4147 707 4206 calix
719 4147 846 4206 transire
859 4149 917 4206 nisi
930 4149 1031 4208 bibam
1043 4148 1150 4209 illum:
1174 4150 1227 4209 fiat
1237 4147 1368 4208 voluntas

177 4240 481 4372 ιιιίὶῬοιιοοτηιηιιπιό.

233 4396 292 4452 Per
305 4394 401 4470 hujus,
418 4392 554 4462 Domine,
567 4393 766 4468 operationem
780 4392 922 4468 mysterii,
939 4399 970 4450 at
983 4393 1058 4452 vitia
1070 4400 1173 4454 nostra
1192 4394 1365 4472 purgentur,

171 4480 203 4535 et
211 4478 295 4553 justa
308 4475 451 4534 desideria
463 4473 671 4552 compleantur.
714 4473 773 4531 Per
786 4473 957 4533 Dominum.
