2804 4920
371 281 476 348 Hebd.
499 280 554 349 tii.
580 282 859 369 Quodropaaimae.
1178 292 1196 355 6

72 450 276 526 Eocnqclium.
318 449 486 509 Secundum
499 451 613 510 Mecum
632 451 689 527 (ci.
708 450 821 528 1428).

73 530 116 588 In
128 531 182 589 illo
202 538 343 608 tempore,
358 531 433 589 Erat
450 532 472 590 J
473 551 538 590 esus
554 532 672 608 ejiciens
686 531 873 604 daemonium,
889 538 920 591 et
937 532 1012 590 illud
1025 541 1090 593 erat
1102 543 1212 595 mutun

72 633 104 670 uc
118 614 159 670 ad
172 613 260 685 beati,
276 613 329 689 qui
341 612 470 671 audiunt
482 613 606 670 verbum
622 612 688 685 Dei,
703 618 734 671 et
749 613 921 671 custodiunt
934 614 1016 673 illud.

74 693 269 767 Offertmium.

72 774 96 832 J
98 775 208 832 ustitia
229 774 353 833 Domini
371 780 469 847 rectoe,
482 774 667 834 laetificantes
680 775 785 832 corda:
806 781 837 832 et
851 774 983 834 dulciora
1002 796 1090 855 super
1109 778 1168 837 mel
1189 787 1219 838 et

72 875 115 912 ιιι
129 877 136 913 :
156 875 226 914 nam
239 861 270 914 et
284 876 385 914 servus
399 862 469 914 tuus
482 856 612 914 custodit
625 876 667 914 ea

73 935 195 994 Secreta.

73 1017 151 1075 Haec
164 1018 269 1090 hostia,
284 1037 460 1094 quaesumus,
477 1017 613 1090 Domine,
628 1016 770 1075 emundet
781 1023 884 1075 nostra
896 1018 1011 1089 delicta,
1026 1026 1057 1078 et
1076 1021 1114 1078 ad
1134 1023 1220 1080 sacri·

72 1118 114 1155 un
127 1098 336 1156 celebrandum
350 1099 537 1156 subditorum
551 1099 608 1156 tibi
621 1117 743 1175 corpora
759 1105 930 1175 mentesque
948 1101 1117 1160 sanctificet.
1161 1103 1221 1162 Per

72 1199 187 1239 ninum.

75 1258 254 1320 Communia.

74 1341 181 1399 Passer
193 1341 310 1399 invenit
322 1341 379 1400 sibi
392 1341 531 1399 domum.
552 1346 583 1399 et
596 1346 698 1399 turtur
710 1341 824 1413 nidum,
834 1342 887 1400 ub1
895 1349 1018 1420 reponat
1027 1343 1123 1422 pullos
1133 1365 1218 1404 suos:

73 1423 119 1480 ria
142 1429 203 1494 tua,
228 1423 357 1481 Domine
378 1423 536 1493 virtutum,
563 1422 633 1479 Rex
656 1442 738 1480 meus
766 1429 796 1480 et
820 1423 903 1481 Deus
926 1443 1028 1483 meus:
1062 1426 1142 1485 beati
1165 1428 1218 1504 qui

72 1505 172 1561 itant
163 1524 196 1560 ιι
209 1504 297 1562 domo
310 1509 380 1561 trra:
401 1505 434 1560 in
447 1466 587 1561 saeculum
600 1503 700 1561 saeculi
713 1503 878 1562 laudabunt
891 1510 929 1564 te.

72 1586 315 1644 Poatcommunio.

72 1667 104 1724 A
124 1667 240 1724 cunctis
263 1685 326 1738 nos,
349 1665 486 1738 Domine,
514 1665 645 1723 reatibus
668 1670 700 1723 et
722 1664 860 1741 periculis
885 1667 1063 1743 propitiatus
1090 1669 1216 1743 absolve,

72 1768 84 1805 s
97 1748 176 1805 tanti
191 1747 326 1824 mysterii
339 1747 448 1804 tribuis
461 1767 523 1805 esse
537 1747 702 1823 participes
747 1746 806 1803 Per
819 1747 990 1806 Dominum.

478 1960 577 2017 Fanni
598 1958 752 2018 Sacrana

73 2069 214 2144 Officium

72 2151 110 2208 In
132 2151 199 2208 Deo
221 2149 348 2207 laudabo
368 2149 509 2206 verbum:
534 2147 566 2203 in
589 2146 719 2205 Domino
741 2138 867 2204 laudabo
891 2166 1074 2208 sermonem.
1098 2149 1131 2207 in
1152 2150 1217 2210 Deo

72 2232 131 2304 avi,
148 2250 209 2289 nou
223 2230 335 2289 timebo
348 2229 421 2306 quid
434 2230 522 2287 faciat
536 2227 611 2284 mihi
624 2228 720 2286 homo.

76 2313 217 2370 Psolmas.

78 2393 213 2451 Miserere
227 2392 294 2464 mei,
311 2392 400 2465 Deus,
416 2390 555 2468 quoniam
576 2388 760 2448 conculcavit
780 2408 827 2447 me
840 2388 945 2449 homo:
966 2395 1032 2449 tcta
1044 2392 1092 2452 die
1106 2392 1219 2473 impug-

98 2475 257 2533 tribulavit
274 2493 327 2531 me.

88 2556 181 2614 butio.

94 2638 217 2695 ordibus
251 2635 369 2706 nostris,
403 2653 579 2726 quaesumus,
615 2631 750 2702 Domine,
784 2631 918 2726 gratiam
951 2638 1034 2690 tuam
1072 2635 1217 2714 benignus

100 2719 152 2776 dc.
174 2725 211 2774 ut
231 2717 308 2774 sicut
327 2715 364 2773 ab
385 2715 457 2773 escis
477 2713 675 2791 corporalibus
695 2711 887 2784 abstinemus,
910 2713 953 2770 ita
972 2733 1074 2772 sensus
1100 2736 1217 2794 quoque

105 2799 269 2858 canoniis
283 2796 467 2855 retrahamus
480 2795 654 2853 excessibus.
698 2793 757 2850 Per
771 2794 941 2852 Dominum.

111 2880 248 2939 ctiolibn'
261 2877 423 2954 Rapum(4
438 2898 463 2934 v.
482 2876 574 2953 1—15)

124 2962 228 3020 diebus
242 2960 311 3032 illis,
328 2959 465 3016 Naaman
478 2958 613 3034 princeps
627 2955 742 3012 militiae
756 2955 833 3031 regis
851 2954 944 3031 Syriae
964 2975 1055 3032 usquc
1075 2959 1116 3016 ad
1136 2959 1217 3020 Vere

120 3044 168 3101 rod
190 3062 250 3099 non
271 3041 311 3099 sit
335 3041 417 3098 Deus
438 3039 513 3096 alins
532 3039 565 3095 in
583 3037 722 3094 universa
742 3041 831 3107 terra,
848 3035 907 3094 nisi
927 3041 1046 3096 tantum
1069 3040 1217 3101 Dominus

126 3122 208 3182 srael.

132 3205 278 3359 dfliitam
303 3303 398 3343 meam
420 3280 558 3339 nuntiavi
579 3278 655 3338 tibi:
678 3253 804 3356 posuisti
825 3278 969 3356 lacrymas
992 3300 1072 3340 meas
1095 3283 1128 3340 in
1149 3303 1215 3343 con-

141 3389 185 3426 uo

148 3469 213 3506 rere
235 3446 318 3517 mihi,
343 3445 479 3517 Domine,
503 3443 643 3520 quoniam
666 3441 849 3500 conculcavit
872 3461 919 3499 me
943 3442 1049 3501 homo.
1079 3449 1143 3503 tota
1167 3446 1214 3505 die

151 3529 293 3587 ribulavit
309 3546 365 3585 me.

157 3633 201 3668 aa.
246 3610 385 3686 Dignare.

162 3692 269 3756 reliam.
313 3689 480 3748 Scortodum
494 3684 608 3744 Lucam
628 3685 682 3760 (ιιι.
701 3685 746 3741 23-
752 3683 815 3760 30).

167 3797 174 3827 ι
196 3781 336 3848 tempore,
353 3771 505 3828 Dixerunt
527 3766 669 3824 Pharisaei
690 3766 728 3823 ad
749 3765 875 3823 Jesum:
903 3764 1024 3834 Quanta
1047 3767 1213 3827 audivimus

172 3853 352 3931 apharnaum
366 3871 456 3926 eraque
469 3850 510 3906 ad
524 3849 592 3926 Ipse
606 3854 706 3905 autem
720 3846 866 3904 transiens
875 3865 928 3923 per
942 3847 1071 3905 medium
1085 3849 1212 3922 illorum,

182 4037 262 4074 Uim.

189 4144 194 4169 ,
226 4099 316 4167 Deus,
345 4094 508 4153 orationem
535 4112 639 4166 meam,
660 4097 690 4150 et
716 4110 754 4149 ne
783 4089 950 4168 despexeris
976 4089 1211 4169 deprecationem

192 4179 265 4237 ende
279 4178 311 4234 in
324 4197 380 4250 me,
395 4183 425 4235 et
439 4176 548 4233 exaudi
562 4194 615 4235 me.

203 4339 282 4418 quod
301 4339 367 4410 tibi,
386 4339 522 4410 Domine,
537 4343 644 4395 nostrae
666 4334 819 4394 servitutis
842 4333 1001 4410 offerimus,
1025 4341 1061 4393 tu
1082 4335 1210 4398 salutare

208 4428 447 4480 rsacramentum.
491 4420 550 4478 Per
563 4418 734 4477 Dominum.
