2804 4920
467 344 571 411 Verio
590 344 631 411 ii.
649 351 726 430 post
746 343 888 411 Paesto.
1216 349 1282 413 143

135 512 282 670 Sppiritum
295 555 390 665 nobis,
404 592 542 666 Domine,
561 599 620 651 tusc
638 593 771 650 caritatis
789 592 932 666 infimde3
953 599 989 650 ut
1001 612 1076 670 quos
1089 593 1282 652 sacramentis

73 673 269 732 Pssclndibus
288 673 411 745 satiasti,
425 680 479 731 tuo
498 673 588 732 facias
607 674 719 750 pietate
738 674 901 732 concordes
945 673 1005 732 Per
1027 674 1197 733 Dominum
1240 674 1280 732 In

73 756 194 814 unitate
208 755 339 832 ejusdcm
353 754 490 832 Spiritus

562 890 663 951 Fmrs
682 892 836 952 Securus.

138 973 189 1032 Ad
208 972 341 1031 Missam
385 970 526 1047 Officium.

140 1053 317 1112 Introduxit
328 1052 398 1111 ros*
412 1052 559 1111 Dominus
572 1052 605 1110 in
618 1059 728 1112 terrum
741 1053 882 1111 fluentem
896 1054 942 1112 lac
954 1061 985 1111 et
999 1054 1067 1125 mel,
1081 1054 1209 1131 slleluys
1222 1076 1228 1113 :
1250 1062 1283 1113 st

77 1140 114 1193 ut
126 1135 176 1193 lex
191 1133 316 1193 Domini
328 1153 443 1212 semper
455 1133 497 1192 sit
509 1134 542 1191 in
556 1154 605 1192 ors
618 1132 745 1208 restro*
757 1134 893 1212 alleluya,
909 1135 1043 1210 alleluys.

140 1215 286 1274 Prolatus.

140 1295 333 1355 Confitemini
345 1294 477 1354 Domino
490 1295 631 1373 quonism
651 1296 765 1355 bouus:
796 1296 936 1374 quonism
957 1296 991 1354 in
1011 1295 1151 1355 seculum
1172 1297 1284 1356 miseri-

78 1378 178 1436 cordis
191 1378 262 1454 ejus

141 1458 246 1534 Kyrie.
288 1457 357 1517 Rex
369 1456 496 1535 genitor.

143 1539 252 1598 Oratio.

141 1619 234 1693 Deus,
253 1619 305 1696 qui
323 1618 521 1677 sollemnitate
538 1618 667 1695 paschali
687 1618 798 1676 mundo
819 1619 948 1677 remedis
967 1620 1127 1693 contulisti,
1141 1621 1283 1698 populum

80 1708 176 1773 tuum,
190 1720 367 1779 quaesumus,
381 1700 490 1758 caeleati
503 1700 580 1757 dono
601 1719 775 1777 prosequere
788 1722 795 1758 ι
824 1708 859 1757 ut
881 1709 912 1759 et
933 1701 1092 1777 perfectam
1115 1702 1282 1759 libertatem

78 1782 220 1858 consequi
234 1787 389 1853 mereatur,
405 1780 486 1838 etad
499 1780 592 1837 vitem
606 1781 740 1858 proficiet
752 1781 968 1858 sempiternam
1018 1782 1077 1841 Per
1090 1782 1262 1842 Dominum.

142 1863 239 1922 Lectio
259 1862 388 1921 Actaeam
407 1861 610 1938 Apostolorum
630 1861 674 1939 (or.
698 1863 813 1940 37-43).

142 1943 183 2000 ln
202 1944 305 2001 diebus
325 1943 394 2014 illis,
408 1943 497 2000 Stans
518 1943 626 2000 Petrus
646 1943 678 1999 in
699 1944 797 2000 medio
820 1943 921 2020 plebis,
947 1943 1046 2015 dixit,
1077 1943 1147 2001 Viri
1168 1944 1283 2016 fratros,

79 2023 164 2082 scitis
177 2025 257 2101 quod
266 2025 378 2082 iactum
392 2030 437 2081 est
447 2024 570 2081 verbum
584 2044 674 2098 usquc
688 2025 729 2081 acl
741 2024 943 2082 remissionem
956 2031 1142 2101 pcccatorum
1155 2025 1285 2102 occipere

79 2126 136 2183 per
150 2124 259 2164 nomen
273 2106 344 2181 ejus,
359 2124 460 2162 omnes
474 2104 527 2181 qui
540 2103 664 2161 credunt
678 2105 710 2161 in
724 2124 799 2162 eum

144 2267 221 2325 Haec
233 2267 296 2325 dies
309 2286 398 2343 quum
411 2265 482 2324 fecit
495 2266 643 2323 Dominus
656 2287 662 2323 ε
683 2265 865 2324 exsultemus
879 2274 910 2325 et
926 2267 1062 2325 laetemur
1074 2268 1106 2325 in
1120 2288 1162 2327 ea

88 2347 118 2406 V.
145 2348 236 2406 Dicst
249 2368 329 2406 nunc
342 2347 435 2406 Isrsel
449 2347 589 2425 quoniam
602 2348 716 2405 bonus.
710 2368 715 2380 ·
736 2349 877 2425 quonism
890 2348 924 2406 in
936 2349 1075 2407 saeorrlum
1088 2349 1287 2408 misericordis

80 2450 98 2487 e
111 2426 154 2488 us

94 2431 109 2506 j
146 2510 294 2586 Alleluya
341 2508 369 2567 V.
393 2508 502 2567 Nonne
516 2529 565 2567 cor
578 2515 712 2567 nostrum
726 2508 832 2567 ardens
845 2509 931 2568 erst
921 2529 955 2568 m
967 2510 1054 2568 nobis
1067 2511 1104 2568 de
1116 2511 1139 2570 J
1140 2531 1200 2583 esu
1215 2511 1286 2570 dum

80 2592 256 2668 loqueretur
268 2590 374 2648 nobis
365 2609 399 2647 m
412 2591 467 2649 via.

145 2672 311 2747 Sequentia.

167 2753 275 2810 Prome
287 2758 368 2810 casta
380 2753 481 2810 concio
494 2752 608 2810 cantico
621 2772 731 2829 organo.
743 2753 919 2810 subnectens
931 2752 1117 2830 hypodorica

167 2834 245 2911 Regi
258 2834 387 2891 claustra
400 2834 464 2891 Deo
478 2840 608 2891 tartarea
620 2833 772 2910 rumpenti
785 2834 909 2890 decanto
921 2853 1001 2891 nunc
1014 2834 1195 2911 symphonia.

168 2915 269 2974 Morte
282 2914 335 2991 qui
348 2915 427 2972 victa
440 2934 601 2991 resurgens,
615 2915 723 2991 gaudis
736 2915 846 2971 mundo
859 2920 956 2990 gestat
968 2915 1095 2974 colendis

166 2999 213 3054 Ac
226 2996 348 3054 insolita
360 3002 508 3053 morantes
520 2995 637 3072 perdita
651 2995 754 3071 Cocyti
768 2996 894 3053 confinio

167 3079 336 3154 Aspectant
348 3077 470 3149 lumina,
484 3078 617 3134 intrante
631 3076 683 3134 illo
696 3077 760 3134 vita
773 3078 865 3134 beata

168 3159 292 3216 Terrore
305 3158 439 3234 perculsa
451 3158 596 3215 tremiscit
610 3158 775 3215 daemonum
789 3158 871 3234 plebs
884 3157 991 3215 relide.

168 3239 253 3297 Dant
266 3239 393 3316 suspirio
406 3239 531 3296 fletuum
544 3239 612 3296 altu
656 3238 810 3315 Repsgulo

168 3321 243 3390 Quis
255 3321 298 3378 sic
311 3319 410 3377 audax
424 3320 553 3397 fregerit,
568 3320 716 3377 mirantur
729 3326 808 3388 tunc,
822 3319 919 3377 fortis.

167 3401 215 3460 Sic
234 3402 274 3459 ed
294 3421 401 3478 supera
419 3401 497 3459 redit
517 3421 584 3458 cum
604 3408 704 3459 turma
723 3401 856 3477 gloriosa,
871 3409 902 3458 et
922 3400 1027 3459 timida
1040 3401 1154 3460 refovet
1166 3403 1291 3479 discipu·

247 3483 346 3540 lorum
360 3481 454 3540 corda

167 3564 311 3622 Prrecelso
324 3564 414 3640 hujus
426 3569 537 3641 tropsec
550 3563 737 3634 admirantes,
754 3562 920 3636 flagitemus
933 3582 1013 3620 nunc
1027 3583 1098 3622 voco
1112 3564 1226 3622 decliva

167 3644 331 3723 Virginum
344 3644 425 3702 inter
437 3645 556 3721 agmina
569 3664 735 3702 mereamur
748 3644 908 3721 pretiosum
922 3644 1015 3701 colere
1029 3652 1064 3701 ut
1077 3645 1198 3718 Psschu,

168 3725 293 3784 Galiloea
306 3725 399 3803 inquo
411 3732 525 3783 sacrata
537 3725 717 3802 praefulgidoe
731 3725 865 3783 contueri
879 3724 954 3782 lucis
967 3725 1095 3784 exordia

146 3830 351 3907 Evangelm'um
394 3829 562 3890 Secundum
576 3831 688 3888 Lucam
702 3830 794 3908 (xxiv.
814 3831 861 3887 13-
863 3831 927 3907 35).

148 3912 189 3970 In
209 3913 262 3970 illo
283 3918 427 3989 tempore,
450 3913 602 3970 Exeuntes
623 3912 682 3968 duo
704 3932 743 3969 ex
760 3911 912 3989 discipulis
928 3912 1004 3970 Jesu
1021 3912 1129 3969 ibant'
1120 3932 1184 3988 ipss
1197 3913 1267 3970 dio
1259 3934 1289 3969 m

83 3992 241 4052 castellum
253 4014 346 4070 usquc
359 3993 401 4051 od
418 4013 483 4086 quae
505 4002 588 4072 gesto
609 3993 724 4050 erant
716 4012 748 4049 m
770 3992 843 4052 vio:
873 4000 904 4050 et
924 3993 1070 4071 quomodo
1091 4002 1292 4071 cognoverunt

83 4094 155 4133 sum
169 4075 203 4132 in
215 4074 360 4133 ductione
373 4074 466 4152 punis

149 4154 253 4215 Credo

150 4236 344 4310 offertorium

148 4317 285 4397 Angelus
318 4316 443 4376 Domini
468 4316 619 4376 descendit
646 4317 683 4376 de
710 4318 789 4391 celo,
815 4324 846 4376 et
870 4317 948 4376 dixit
975 4317 1166 4377 mulieribus:
1198 4317 1294 4387 Quem

85 4398 243 4478 quantist
278 4398 427 4474 Surrexit,
440 4398 518 4459 sicut
531 4399 618 4472 dixit,
632 4399 767 4476 alleluya.

497 4506 510 4531 ⁸
525 4504 624 4553 Περί(
630 4518 676 4553 nos
685 4506 697 4527 ”
706 4505 755 4553 scd
764 4507 778 4534 ‘¹
785 4505 889 4552 norw
