2804 4920
537 365 630 428 rota
651 362 767 428 Jnno'c'.
897 340 946 381 '¹
1078 394 1090 419 ο
1183 361 1246 432 267

100 603 290 662 Sincronur
311 618 483 661 sinemus
504 602 671 669 Bramme,
693 600 815 670 Orsus,
837 598 979 657 Niconis
999 615 1037 656 m
1056 597 1202 656 Nasson.

524 697 616 774 (Prin
633 696 679 754 Id.
694 695 782 773 Jun.)

113 838 254 915 officiunt.
297 838 448 915 Sapientia
461 845 638 896 sanctornm.

111 931 289 1071 &grum
306 1017 471 1089 martyrum
484 1019 613 1082 tuorum,
630 1009 778 1082 Basilidis,
795 1008 907 1085 Cyrini,
923 1009 1051 1067 Naboris
1066 1014 1097 1066 et
1117 1006 1248 1081 Naresii,

66 1113 229 1171 passumus,
244 1094 382 1165 Domine,
396 1093 533 1151 natalitia
546 1093 648 1149 votiva
660 1091 882 1168 resplendeant:
907 1096 938 1147 et
951 1091 1028 1166 qnod
1046 1089 1107 1147 illis
1120 1089 1248 1147 contulit

67 1174 228 1233 xcellentia
240 1174 419 1250 sempiterne
431 1174 577 1231 fructibus
590 1179 697 1231 nostrae
711 1171 876 1230 devotionis
886 1176 1036 1231 accrescat.
1080 1169 1145 1227 Per.

113 1267 255 1344 Epistola⁸
298 1267 321 1325 J
321 1274 456 1324 ustorum
470 1266 584 1324 animae.

113 1358 250 1418 Grodule.
293 1359 498 1417 Exsultabunt
511 1358 614 1417 sancti.

66 1441 90 1498 V.
113 1440 242 1499 cantate
257 1440 394 1499 Domino.

113 1521 262 1596 Alleluya
312 1521 340 1578 V.
364 1519 533 1596 Fulgebunt
542 1520 627 1596 justi

112 1613 314 1688 Euonqelium.
358 1613 432 1671 Ecce
446 1632 499 1689 ego
513 1613 600 1671 mitto
614 1632 676 1683 vos,
691 1612 726 1668 in
739 1610 897 1671 Communi
909 1610 1111 1689 apostolorum.

113 1704 308 1781 Offmon'um.
352 1704 507 1762 Mirabilis.

114 1798 237 1857 Secreta.

115 1879 164 1937 Da
174 1878 267 1949 nobis,
278 1896 452 1954 quaesumus,
465 1877 599 1948 Domine,
612 1897 693 1954 purae
707 1877 872 1936 devotionis
882 1878 1026 1948 effectum,
1037 1883 1068 1935 et
1078 1883 1248 1935 sanctorum

66 1967 218 2037 uartyrum
233 1967 360 2030 tuomm,
376 1958 523 2030 Basilidis,
539 1958 651 2035 cyrini,
667 1959 795 2016 Naburis
812 1965 842 2016 et
859 1958 980 2016 Nezaiii
992 1957 1249 2016 intercessionibus

66 2041 145 2099 rim
158 2059 282 2098 munera
294 2045 396 2097 nostra
408 2040 553 2115 propitius
566 2041 689 2098 intuere.
733 2039 797 2097 Per.

115 2133 299 2194 Communis
342 2131 418 2190 Dico
431 2139 531 2190 autem
544 2133 634 2192 vobis.

116 2224 359 2285 Postcommunio.

116 2306 238 2366 Divinis
263 2305 365 2363 refecti
388 2308 587 2377 sacramentis,
616 2325 792 2383 quaesumus,
821 2305 948 2364 Domine
976 2307 1058 2364 Deus
1084 2312 1192 2375 noster,
1214 2312 1250 2364 ut

66 2395 223 2447 sanctorum
242 2392 406 2462 martyrum
429 2394 547 2445 tuorum
571 2388 718 2458 Basilidis,
740 2386 852 2464 cyrini,
875 2386 1003 2445 Naboris
1020 2393 1050 2445 et
1067 2387 1188 2445 Nazarii
1206 2388 1250 2444 in·

66 2468 290 2538 teresssionibus,
304 2466 419 2544 gaudiis
432 2487 598 2526 mercamur
610 2469 752 2527 interesse
765 2467 936 2526 caelestibus.
980 2469 1039 2526 Per
1048 2469 1221 2527 Dominum.

135 2722 249 2780 Sason
271 2723 399 2794 Bssmn,
421 2739 556 2782 sriscorr
578 2739 615 2781 nr
635 2738 841 2781 corrnssoms.
886 2723 980 2799 (xm'ii.
1002 2722 1071 2780 Kal.
1091 2722 1169 2795 Jul.)

118 2859 260 2934 Officium
304 2861 418 2919 Statuit
431 2861 466 2919 ei

119 2939 230 2999 Oratio.

117 3022 209 3093 Deus,
225 3021 278 3097 qui
291 3023 411 3081 beatum
432 3023 577 3081 Basilinm
597 3023 790 3081 confessorem
810 3031 896 3081 tuum
909 3023 1058 3081 doctorem
1071 3021 1251 3099 precipuum

66 3101 267 3178 atholicaeque
287 3102 356 3160 fidei
375 3104 593 3180 predicatorem
608 3103 714 3180 eligere
728 3105 866 3180 dignatus
879 3124 928 3175 cs;
948 3110 1062 3180 praesta,
1074 3122 1251 3179 quaesumus,

66 3189 93 3240 rt
116 3183 181 3260 ipso
205 3202 259 3259 pro
283 3183 367 3241 nobis
384 3184 593 3255 intercedente,
610 3193 796 3260 peccatorum
815 3197 983 3242 nostrornm
1001 3203 1166 3243 mereamur
1181 3182 1252 3242 exui

66 3262 152 3332 nalis,
168 3269 200 3320 et
213 3263 270 3320 tibi
284 3263 413 3322 Domino
427 3265 548 3322 sinceris
562 3265 710 3323 mentibus
724 3266 878 3324 deservire.
921 3265 986 3323 Per.

118 3343 261 3419 Epastolo.
304 3343 379 3402 Ecce
393 3346 532 3404 sacerdos.

121 3423 257 3482 Gracco.
299 3423 321 3481 J
323 3426 429 3483 urarit.

66 3503 93 3563 V.
118 3504 209 3563 Dixit
222 3505 376 3564 Dominus.

119 3585 270 3661 Alleluya.
318 3586 346 3644 V.
369 3586 476 3644 Justus
496 3588 674 3664 germinabit

119 3665 322 3741 Evonqelium.
366 3667 466 3725 Homo
480 3668 600 3744 quidam
613 3688 740 3746 peregre.

121 3744 315 3821 Offertorivan.
359 3747 467 3806 Inveni
481 3748 589 3807 David.

120 3826 242 3886 Secreta.

121 3906 225 3965 Smcti
250 3907 353 3966 Basilii
374 3909 544 3967 confessoris
563 3909 610 3967 tui
632 3918 721 3986 atque
743 3913 889 3987 pontificis
911 3913 1123 3990 supplicatione
1146 3927 1254 3969 munus

66 3987 203 4061 >blatum
228 3989 366 4063 Domine,
391 4009 566 4067 quesumus,
591 3991 644 4048 fiat
668 3992 754 4049 nobis
775 3993 808 4050 in
828 4004 1002 4070 perpetuum
1017 3996 1151 4052 salutare.
1196 3993 1254 4050 Per

66 4069 236 4128 Dominum.

122 4148 306 4209 Communis
349 4151 459 4210 Fidelis
478 4171 586 4212 servus.

122 4230 365 4290 Postremmuuio.

123 4312 292 4389 Sumptum,
317 4312 454 4386 Domine,
480 4314 603 4373 calestia
630 4317 750 4374 remedii
779 4324 1002 4387 sacramentum,
1023 4317 1062 4374 ad
1082 4321 1255 4394 perpetuam

66 4392 148 4451 nobis
169 4395 326 4470 provenire
348 4395 577 4465 misericordiam
600 4396 679 4455 beati
702 4398 807 4455 Basilii
825 4399 994 4457 confessoris
1014 4398 1061 4456 tui
1081 4404 1169 4475 atque
1183 4415 1255 4474 pon-

66 4471 151 4532 tificis
164 4473 300 4534 obtineat
314 4474 485 4534 intercessio
498 4476 631 4553 gloriosa.
676 4479 735 4537 Per
749 4478 919 4537 Dominum.
