2804 4920
335 319 734 399 ‚Dentiuicuiultuuuis
747 320 965 387 Pulmunutn.
1223 322 1266 392 79

119 486 379 646 gioemffaieniuod
391 570 526 629 steterim
539 570 572 628 in
585 575 743 646 conspeetu
752 575 814 642 tuo,
822 575 859 628 ut
868 568 1004 647 loquerer
1017 587 1071 646 pro
1084 570 1126 627 eis
1139 569 1266 628 bonum:

52 656 88 709 et
101 658 267 709 averterem
280 650 516 729 indignationem
528 659 614 709 tuam
626 651 665 709 ab
679 652 729 710 eis.

118 730 285 872 metatis
305 831 368 884 nos,
383 811 520 881 Domine,
535 832 710 890 quaesumus,
724 811 856 870 reatibus
876 816 906 871 et
928 811 1068 888 periculis
1089 812 1252 890 propitiatu

53 892 187 967 absolve,
202 914 275 971 quos
287 900 373 953 tanto
387 896 520 972 mysterii
533 893 642 952 tribuis
655 913 717 953 esse
730 899 886 953 conmrtea
929 893 989 951 Per
1001 893 1173 952 Dominum.

122 973 302 1049 Communia.

119 1056 152 1114 N
153 1076 169 1114 e
182 1056 340 1115 tradideris
353 1075 409 1128 me,
424 1065 459 1114 ut
471 1056 542 1115 lteri

119 1137 363 1197 Poetcmnmunio.

120 1217 227 1276 Divini
241 1218 371 1277 muneris
384 1217 522 1296 largitate
536 1217 639 1276 satiati
659 1236 835 1294 quaesumus,
852 1215 981 1275 Domine
995 1215 1079 1275 Deus
1092 1223 1211 1290 nostem
1231 1224 1268 1276 ut

56 1298 150 1378 hujus
162 1318 279 1376 semper
291 1299 520 1377 participatione
532 1299 676 1357 vivamus.
719 1297 779 1357 Per
792 1298 963 1357 Dominum.

121 1379 219 1457 Super
234 1380 387 1456 populana.

120 1461 262 1534 Tueatur,
272 1480 446 1537 quaesumus,
456 1460 594 1533 Domine,
605 1461 728 1518 dextera
736 1467 790 1518 tus
797 1459 939 1536 populum
950 1465 1036 1517 tuum
1045 1459 1267 1537 deprecantem

54 1549 90 1601 et
103 1542 294 1620 purificatum
307 1541 464 1619 dignanter
478 1542 604 1613 eru'diat,
616 1549 652 1600 ut
662 1541 860 1600 consolatione
872 1541 1014 1618 praesenti
1025 1540 1172 1613 foveatur,
1185 1548 1216 1599 et
1229 1541 1267 1599 ad

57 1626 164 1681 sutura
177 1623 255 1681 bona
268 1622 409 1700 proficiat
454 1623 514 1681 Per
527 1622 699 1681 Dominum

390 1793 552 1851 Donnuca
572 1809 606 1850 ιιι
627 1792 730 1851 Ranrs
751 1792 936 1851 Pnauaaun

120 1941 194 2000 Post
207 1939 400 2016 αερινιίωιιιιι
413 1960 497 2015 aqua
510 1939 667 2010 berned-ictor,
682 1939 761 1997 dicto
773 1938 880 2010 Tertia,
892 1947 938 1996 eat
950 1938 1092 2015 prooemio
1103 1940 1144 1996 ud
1157 1939 1266 2012 Altum,

57 2042 161 2081 eoram
173 2041 232 2098 quo
248 2030 318 2080 suut
330 2020 441 2098 patrue
460 2020 660 2080 benedicusdae.
703 2019 830 2079 Interim
849 2029 1003 2078 comuntur
1023 2029 1166 2095 aptantes
1184 2021 1269 2080 Anti-

122 2183 200 2241 Ami
217 2183 303 2241 tortu
526 2233 528 2237 Α

122 2205 217 2322 Anti)
226 2284 280 2322 aex
296 2263 360 2322 dies
377 2263 586 2322 sollemnitatis
609 2263 736 2336 Pascha,
752 2262 870 2340 quando
888 2263 973 2320 venit
991 2263 1138 2321 Dominus
1155 2264 1187 2321 in
1200 2264 1270 2322 civi-

59 2352 157 2405 tatem
183 2345 383 2417 manualem,
405 2351 436 2402 et
460 2351 658 2402 occurrenmt.
673 2345 700 2402 ei
725 2345 818 2422 pueri,
841 2353 872 2402 et
894 2344 926 2401 in
950 2345 1087 2401 manibus
1110 2345 1269 2420 portabant

60 2446 162 2485 ramos
191 2425 365 2504 palmarum,
393 2433 425 2483 et
452 2426 621 2484 clamabant
647 2445 718 2483 voca
745 2445 853 2504 magna
880 2425 1028 2484 dicentes:
1065 2425 1212 2485 Hosanna
1237 2428 1270 2485 in

63 2508 197 2567 excelsis

122 2587 305 2666 Antiphone.

123 2670 210 2728 Ante
230 2688 284 2728 sex
305 2668 368 2727 dies
387 2668 541 2745 passionis,
563 2668 648 2727 venit
668 2667 816 2726 Dominus
836 2668 867 2725 in
888 2668 1039 2726 civitatem
1061 2667 1269 2728 Hierusalem:

59 2757 258 2810 coemerunt
285 2749 313 2808 ei
339 2750 433 2827 pueri,
458 2757 490 2808 et
516 2750 549 2808 in
576 2751 713 2808 manibus
737 2750 897 2826 portabant
922 2768 1018 2806 ramos
1043 2748 1216 2824 palmarum,
1239 2755 1270 2808 et

59 2832 234 2891 clamabant
251 2850 322 2890 voce
340 2850 447 2908 magna
465 2830 613 2889 dicentes:
635 2831 781 2888 Hosanna
799 2831 832 2887 in
849 2829 971 2887 excelsis
980 2849 989 2902 ς
1020 2828 1200 2888 Benedictus
1216 2831 1270 2908 qui

58 2914 174 2972 venisti
188 2914 221 2970 in
234 2911 429 2971 multitudine
442 2912 647 2970 misericordia
662 2921 728 2970 tuae.
772 2910 918 2968 Hosanna
931 2911 964 2966 in
977 2909 1108 2968 excelsis.

122 2993 238 3052 Deinde
251 2993 364 3069 lequtw
376 3013 493 3068 sequana
514 2993 609 3051 Lectio
623 2993 684 3051 aine
703 2991 787 3050 titulo
800 2992 898 3050 Eaeodi
914 2993 977 3066 (cu.
994 2991 1042 3061 27,
1056 2992 1112 3048 sari
1132 2991 1178 3052 1-7
1180 2993 1206 3070 ).

123 3074 165 3134 In
187 3074 291 3134 diebus
314 3074 382 3147 illis,
408 3075 565 3132 Venerunt
587 3074 642 3132 filii
665 3072 767 3145 Israel,
790 3073 823 3129 in
848 3072 961 3144 Helim,
985 3073 1037 3129 ubi
1060 3081 1146 3131 erant
1174 3074 1270 3132 sontes

61 3175 210 3233 aquarum
238 3155 392 3214 duodecim
426 3162 457 3214 et
489 3156 677 3232 septuaginta
700 3154 805 3232 palma
839 3173 931 3230 usquc
957 3155 999 3212 ad
1020 3173 1106 3213 mane
1130 3154 1271 3214 videbitis

59 3237 189 3315 gloriam
204 3236 338 3296 Domini

124 3318 231 3376 Postea
244 3326 397 3376 comentur
409 3317 453 3375 Ιιαι
466 3315 650 3393 Autipltonae.

125 3398 264 3457 Fratres:
286 3398 354 3456 Huc
368 3398 448 3456 enim
461 3399 569 3456 sentite
584 3399 616 3455 in
629 3398 720 3470 vobis,
735 3397 814 3474 quod
828 3403 858 3455 at
871 3396 905 3453 in
919 3396 1037 3455 Christo
1051 3397 1073 3456 J
1074 3417 1132 3455 esu

71 3478 101 3538 V.
126 3479 189 3550 Qui
201 3487 233 3538 et
246 3478 417 3537 humiliavit
430 3486 523 3537 semet
536 3481 641 3556 ipsum,
657 3480 753 3537 faetus
766 3478 905 3536 obediens
918 3497 1013 3554 usque
1026 3479 1065 3536 ad
1079 3488 1212 3537 mortem.

124 3561 197 3619 Alio
212 3560 282 3618 Ana
325 3560 365 3618 In
384 3561 503 3617 nomine
523 3563 603 3618 enim
623 3560 698 3618 Jssu
719 3579 805 3617 omns
829 3578 907 3636 genu
928 3559 1074 3631 flectatur,
1097 3560 1268 3632 celestium,

70 3642 260 3713 terrestrium,
276 3647 307 3699 et
321 3641 505 3700 infernorum
514 3661 523 3713 ;
552 3648 583 3700 et
600 3642 696 3698 omnis
716 3639 819 3718 lingua
832 3639 1016 3713 confiteatur,
1032 3641 1102 3717 quia
1122 3641 1270 3698 Dominus

72 3720 155 3782 loeus
168 3723 307 3782 Christus
319 3721 352 3779 in
365 3722 519 3800 gloriaest
534 3723 591 3780 Dei
605 3722 712 3779 Patris

127 3804 239 3863 Deinde
252 3803 366 3879 lequtw
378 3803 576 3879 Euangeliou.
619 3803 786 3861 Secundum
799 3801 973 3859 Mattltoeum
985 3802 1063 3877 (uri.
1082 3801 1130 3859 1-9
1135 3803 1156 3876 ).

126 3884 166 3944 In
178 3886 232 3943 illo
244 3891 386 3961 tempore,
401 3885 476 3943 Ourn
491 3885 754 3961 appropinquasset
767 3903 857 3958 usqua
871 3883 913 3940 ad
924 3883 956 3939 in
970 3884 1090 3941 nomine
1104 3884 1234 3941 Domini

129 3965 191 4037 Quo
196 3967 288 4042 finito
301 3975 440 4042 ιιιᾳιιαειιι
452 3966 605 4024 bcmdietio
614 3965 787 4042 poturorum
800 3964 852 4023 ltoo
864 3963 956 4023 modo.

130 4044 276 4105 Dominus
289 4047 450 4105 vobiscum.
494 4047 627 4105 Oremua.

132 4126 238 4187 Oratio

130 4205 216 4283 Deus,
231 4209 318 4286 eujus
331 4208 426 4268 Filius
446 4228 500 4285 pro
520 4209 616 4267 salute
636 4206 752 4285 generis
771 4207 895 4265 humani
915 4206 953 4265 de
969 4207 1040 4265 orele
1060 4206 1211 4264 descendit
1230 4206 1269 4265 ad

86 4287 182 4362 lenm
207 4297 240 4350 et
260 4290 516 4368 appropinquante
534 4289 607 4348 hora
628 4290 771 4366 passionis
793 4308 853 4347 sua
873 4288 1140 4364 Hierosolymam
1132 4307 1164 4344 ιιι
1188 4288 1272 4346 asino

88 4365 295 4453 Qucum,
309 4379 342 4430 et
359 4391 378 4429 s
395 4371 491 4429 turbis
512 4391 563 4428 rex
585 4370 728 4449 appellari
749 4390 783 4429 ac
804 4369 920 4428 laudari
941 4369 1059 4442 voluit3
1087 4388 1161 4446 auga
1183 4370 1271 4429 iidem

90 4439 151 4508 inte
161 4452 351 4530 sperantium,
364 4458 397 4512 et
414 4453 589 4530 supplicum
594 4471 695 4530 preces
712 4452 874 4512 clementer
894 4449 1011 4509 exaudi.
1053 4449 1168 4509 Veniat
1185 4471 1274 4530 super·
