2804 4920
455 324 633 412 Suffragia
656 323 871 392 Communia.
1200 326 1264 389 41³

63 489 219 630 ntgcncti
230 490 360 570 Spiritus
373 489 463 570 dignu
475 491 621 551 efficiatur
632 491 786 551 habitatio.
816 490 876 550 Per
886 491 1057 550 Dominum
1089 489 1129 548 In
1143 489 1265 549 unitate

68 589 95 649 ⁰]
126 591 372 731 Pammenes

126 750 309 811 Sacrificium
341 751 447 811 salutis
477 756 587 810 nostre
620 757 778 823 sumentes,
811 750 936 810 concede
962 751 1056 824 nobis,
1083 770 1262 828 quaesumus,

67 828 196 891 Domine
220 831 312 906 Deus,
325 851 379 910 per
400 831 527 910 gratiam
550 833 653 891 Sancti
673 832 801 909 Spiritus
821 832 983 909 purificatis
996 832 1144 891 mentibus
1156 833 1263 910 sepius

66 916 126 973 turs
138 912 260 991 pietatis
270 912 459 992 frequentem
471 914 654 992 mysterium.
696 913 755 973 Per
767 913 938 971 Dominum
981 913 1020 971 In
1033 912 1157 971 unitate

208 1229 216 1244 α
430 1150 533 1210 Missi
552 1167 685 1210 suoram
705 1150 900 1210 Sacsnnorrs.

126 1228 324 1389 mmmm
336 1311 514 1389 sempiterne
526 1312 618 1385 Deus,
632 1312 685 1388 qui
702 1332 750 1371 me
763 1319 946 1389 peccatorem
959 1313 1047 1371 sacris
1059 1313 1203 1372 altaribus
1215 1315 1265 1374 ad-

71 1393 144 1449 ttsre
156 1390 288 1466 voluisti,
303 1398 334 1451 st
346 1392 442 1451 sancti
454 1393 583 1452 nominis
602 1394 650 1451 tui
669 1393 789 1452 laudare
807 1393 989 1470 potentiam3
1009 1394 1140 1466 concede,
1154 1413 1261 1471 quaeso,

71 1470 222 1549 perhujus
240 1472 416 1533 aeramenti
435 1475 608 1550 mysterium
631 1493 765 1532 meorum
785 1474 860 1532 mihi
879 1474 998 1533 veniam
1019 1482 1213 1552 peccatorum,
1228 1483 1263 1535 ut

72 1554 125 1611 use
138 1553 291 1630 majestati
303 1554 393 1632 digne
405 1551 575 1613 ministrare
588 1573 708 1614 merear.
750 1554 810 1614 Per
823 1554 995 1615 Dominum.

123 1648 249 1710 Secreta

124 1729 219 1802 Deus,
234 1730 288 1809 qni
299 1737 331 1790 te
343 1732 478 1809 precipis
491 1753 510 1791 a
523 1733 724 1809 peecatoribus
744 1733 867 1805 exorari,
882 1731 996 1810 tibique
1009 1733 1184 1792 sacrificium
1198 1754 1264 1794 con-

66 1811 130 1870 triti
145 1812 244 1870 cordis
260 1812 360 1871 offerri
368 1832 378 1887 ;
397 1813 453 1872 hoc
472 1813 648 1873 sacrificium
669 1813 747 1891 quod
767 1813 896 1890 indignis
915 1813 1052 1871 menibus
1071 1816 1144 1873 meis
1163 1817 1263 1890 offero,

60 1900 219 1970 acceptare
245 1892 384 1970 dignare3
411 1900 443 1952 et
464 1902 501 1952 ut
524 1895 588 1971 ipse
611 1893 669 1953 tibi
692 1894 789 1953 hostia
812 1901 843 1951 et
866 1894 1039 1952 sacrificium
1061 1915 1122 1953 esse
1141 1916 1261 1971 merear,

59 1972 224 2031 miseratus
247 1974 390 2048 concede;
418 1994 477 2052 quo
500 1994 553 2052 per
576 1976 712 2052 mysterii
735 1975 825 2052 hujus
844 1974 1056 2033 exhibitionem
1076 1984 1263 2053 peccatorum

56 2054 202 2112 omnium
214 2054 374 2133 percipiam
387 2055 597 2115 remissionem
640 2055 698 2114 Per
712 2055 882 2114 Dominum

123 2152 371 2214 Poetoommam'o.

124 2234 227 2292 Aures
249 2239 310 2293 tues
332 2232 461 2312 pietatis,
477 2234 633 2294 mitissime
652 2235 744 2307 Deus,
765 2234 876 2293 inclina
900 2234 1034 2313 precibus
1057 2235 1138 2307 meis,
1159 2242 1190 2294 et
1210 2256 1264 2315 per

48 2309 156 2392 hujus
168 2313 265 2373 divini
284 2315 462 2374 sacramenti
480 2316 576 2374 carnis
589 2322 621 2373 et
633 2316 786 2393 sanguinis
799 2316 870 2373 Filii
884 2317 930 2374 tui
944 2315 1067 2374 Domini
1081 2317 1176 2375 nostri
1188 2317 1210 2377 J
1211 2338 1264 2376 eeu

52 2391 192 2468 Christi,
202 2395 282 2473 quod
294 2395 434 2473 indignus
442 2397 564 2474 sumpsi,
575 2398 749 2473 mysterium
762 2397 859 2473 gratia
873 2396 975 2455 Sancti
989 2398 1117 2475 Spiritus
1127 2398 1264 2457 illumina

52 2491 118 2533 eor
139 2494 249 2550 meum,
267 2482 305 2534 ut
327 2477 389 2535 tuis
411 2478 560 2553 mysteriis
581 2478 669 2554 digne
692 2477 870 2551 ministrare,
896 2484 984 2554 teque
1007 2485 1116 2537 oeterna
1140 2482 1264 2538 caritate

52 2552 190 2635 diligero
202 2563 234 2617 et
246 2558 425 2634 sempiterna
437 2558 545 2636 gaudia
556 2559 704 2636 percipere
717 2578 838 2617 merear.
881 2557 940 2616 Per
952 2559 1085 2617 eundem

337 2792 417 2851 Irsu
437 2807 511 2850 sum
530 2791 631 2850 Missi
651 2805 783 2850 suornm
803 2789 1000 2849 Sscssnorrs

130 2950 308 3033 Suppliciter
326 2959 367 3027 te,
381 2953 462 3012 Dens
476 2952 574 3024 Pater,
588 2951 642 3028 qui
654 2971 685 3010 es
705 2958 819 3010 creator
838 2949 970 3008 omnium
983 2970 1090 3022 rerum,
1105 2950 1264 3027 depmcor3

65 3036 119 3106 nt,
140 3034 210 3093 dnm
235 3053 284 3093 me
306 3034 451 3093 t'smnlum
472 3040 560 3092 tuum
583 3031 621 3091 N.
647 3052 746 3091 coram
771 3031 987 3109 omnipotentia
1012 3031 1176 3107 majestatis
1202 3038 1262 3090 tum

67 3114 199 3187 graviter
230 3115 388 3193 deliquisse
422 3114 571 3186 confiteor,
598 3133 721 3171 manum
760 3112 835 3171 mihi
872 3111 1076 3170 misericordis
1112 3113 1263 3190 porrigas3

10 3192 12 3203 '
70 3196 209 3267 quemue
221 3195 294 3254 dnm
307 3215 360 3272 ego
372 3195 448 3254 hane
461 3195 640 3253 oblationem
652 3203 713 3252 tuse
734 3193 840 3270 pietati
860 3211 913 3269 pro
926 3193 1051 3269 peccatis
1070 3192 1144 3252 meis
1162 3195 1262 3270 offero,

70 3275 149 3347 qued
160 3276 296 3355 nequiter
307 3275 413 3335 admisi
425 3274 649 3349 clementissime
662 3274 790 3352 digneris
802 3273 959 3333 absolvers.
1001 3271 1061 3332 Per
1070 3275 1241 3337 Dominum.

133 3450 212 3515 Deus
224 3453 439 3526 misericordie,
448 3455 530 3513 Deus
543 3454 672 3532 pietatis,
686 3453 768 3512 Deus
780 3452 973 3531 indulgentiae
986 3472 996 3527 ;
1010 3453 1140 3533 indulge,
1154 3476 1260 3534 quseso,

76 3532 250 3595 *mmm
262 3536 322 3594 mei
335 3535 412 3594 servi
434 3535 491 3608 tui,
511 3541 548 3593 ut
570 3535 743 3594 sacrificium
766 3535 845 3612 quod
867 3535 973 3612 pietati
986 3542 1046 3594 tuse
1066 3556 1120 3614 pro
1137 3539 1262 3615 peccetis

76 3612 144 3672 meis
155 3617 252 3690 offero,
265 3615 391 3695 benigne
403 3617 548 3693 suscipere
561 3616 689 3695 digneris
700 3637 709 3690 3
728 3623 760 3675 et
783 3626 901 3693 peccata
913 3637 979 3694 ques
1000 3617 1165 3676 labentibus
1178 3619 1263 3676 vitiis

76 3695 337 3831 momentum
349 3698 492 3768 contraxi,
506 3697 573 3774 pius
596 3718 630 3756 ac
653 3697 798 3775 propitius
821 3717 854 3755 ac
867 3698 1030 3756 misericors
1042 3697 1193 3774 indulgens
1201 3717 1210 3770 ;
1230 3704 1262 3756 et

138 3794 166 3835 m
186 3778 367 3857 penitentie
390 3797 424 3835 ac
446 3777 569 3837 flumina
592 3779 787 3856 lacrymarum
810 3779 958 3852 oonoedas,
982 3785 1019 3836 ut
1040 3779 1159 3835 veniam
1185 3798 1204 3836 a
1229 3784 1261 3837 te

77 3858 181 3917 mtrem
191 3859 322 3936 accipere
334 3858 515 3918 delictorum.
557 3859 624 3918 Per.

131 3950 368 4031 Poetcomenenio.

131 4028 218 4110 Deus,
233 4035 287 4114 qui
308 4036 445 4095 vivorum
467 4057 498 4095 es
521 4037 649 4095 salrator
671 4037 813 4108 omnium,
828 4036 955 4113 quinon
967 4033 1012 4092 ris
1025 4040 1150 4092 mortem
1164 4054 1260 4112 pecca-

77 4100 167 4173 terum
186 4135 241 4175 nec
264 4116 373 4174 laetaris
394 4117 426 4175 in
450 4118 612 4194 perditione
635 4118 824 4175 morientium
835 4137 844 4190 ;
864 4122 895 4175 te
912 4115 1035 4193 supplex
1055 4114 1202 4193 deprecor,
1224 4124 1261 4175 ut

76 4194 206 4257 modas
226 4197 301 4256 milri
327 4198 444 4256 veniam
470 4198 643 4256 delictorum
666 4218 806 4271 meorum,
829 4203 866 4255 ut
887 4204 918 4256 et
940 4196 1065 4255 admisse
1087 4196 1209 4255 defleam
1229 4204 1261 4256 et

75 4272 255 4337 latmodum
275 4298 336 4337 non
360 4279 516 4337 admittam
527 4299 536 4352 ;
560 4286 596 4337 ut
619 4298 686 4337 cum
709 4281 783 4338 mihi
805 4285 937 4337 extrema
956 4276 1019 4334 dies
1040 4277 1165 4354 finisque
1187 4279 1259 4337 vites

75 4352 141 4413 'lte
160 4359 322 4433 advenerit,
347 4359 535 4420 emendatum
560 4361 675 4419 delictis
708 4362 844 4420 omnibus
875 4378 922 4418 me
948 4358 1069 4435 angelus
1094 4360 1260 4420 sanctitatis

27 4476 33 4485 ·
70 4428 199 4515 “nient
241 4440 307 4500 Per.
