2804 4920
136 303 199 368 312
598 298 874 385 salomo.

192 466 366 621 giffoddbis,
397 568 573 626 quaesumus,
606 547 792 624 omnipotens
823 547 915 619 Deus,
945 551 981 603 ut
1011 551 1121 602 nostra
1154 542 1319 603 humilitatis

132 629 243 688 oblatio
263 637 294 688 et
313 649 366 708 pro
386 635 507 688 tuorum
526 628 584 687 tibi
603 635 689 705 grata
709 628 749 686 sit
768 626 880 687 honore
900 632 1077 700 sanctorum,
1092 631 1124 685 et
1140 644 1196 684 nos
1214 643 1320 702 corpore

132 711 243 788 pariter
255 717 287 769 et
298 716 398 769 mente
410 710 554 788 purificet.
597 708 656 766 Per
670 708 841 768 Dominum.

190 804 552 955 &magmentes
568 902 746 960 quaesumus,
761 881 901 954 Domine,
916 888 952 939 ut
971 880 1052 939 beati
1065 878 1173 959 Magni
1194 880 1321 957 martyris

130 966 176 1024 tui
190 985 243 1025 nos
255 965 376 1024 foveant
389 966 563 1024 continuata
576 964 720 1038 praesidia
763 962 823 1020 Per
836 962 1008 1020 Dominum.

341 1222 381 1281 In
401 1222 527 1281 Ocnus
548 1239 679 1281 enuere·
691 1221 818 1281 Mnus.
863 1220 916 1300 (xi
934 1222 1003 1282 Kal.
1020 1222 1115 1301 Sept.)

189 1374 284 1434 Misso
297 1375 408 1435 dicitur
421 1375 496 1435 sicut
509 1376 544 1434 in
556 1375 612 1446 die,
622 1384 730 1452 proter
743 1375 816 1434 iotae
829 1376 979 1434 orationes.

152 1482 157 1492 ·
194 1456 301 1515 crata

187 1537 329 1611 Concede,
345 1556 522 1614 quesumus,
544 1537 731 1614 omnipotens
752 1537 844 1610 Deus,
865 1556 920 1595 nos
933 1537 970 1595 ad
984 1537 1079 1596 beetee
1094 1537 1201 1596 Merite
1213 1557 1320 1616 semper

125 1618 249 1696 virginis
262 1618 369 1695 gaudis
379 1618 555 1695 pertingere,
569 1619 606 1676 de
616 1619 701 1694 cujus
710 1617 878 1676 veneranda
888 1619 1104 1695 Assumptione
1114 1619 1224 1677 tribuis
1231 1638 1320 1678 annm

125 1699 324 1757 sollemnitate
337 1700 473 1776 gaudere.

185 1791 296 1851 Eodem
309 1792 355 1850 die
360 1796 421 1868 flat
434 1791 575 1852 owmoria
588 1791 623 1851 de
637 1792 746 1851 sanctie
760 1791 908 1851 Piowtheo
921 1800 948 1850 et
960 1791 1185 1868 Symphoricco.

189 1887 297 1946 mmo.

182 1966 344 2024 Auxilium
364 1973 449 2025 tuum
475 1966 568 2037 nobis,
584 1966 721 2038 Domine,
740 1965 874 2042 placatus
894 1966 1050 2043 impende:
1071 1974 1102 2025 et
1122 1965 1320 2025 intercedenti·

123 2049 178 2106 bus
201 2048 310 2106 sanctis
333 2049 394 2107 tuis
418 2047 573 2105 Timotheo
595 2055 626 2105 et
654 2047 877 2124 symphoriano,
900 2046 1054 2106 dexteram
1076 2067 1166 2124 super
1192 2067 1247 2106 noe
1266 2053 1317 2106 tue

121 2128 310 2204 protectionis
323 2128 458 2187 extende.
501 2127 567 2187 Per.

181 2220 300 2280 &aaa

182 2301 355 2373 Subveniat,
381 2301 518 2374 Domine,
546 2300 626 2378 plebi
653 2306 711 2359 tuce
737 2300 796 2358 Dei
822 2301 979 2378 genetricis
1005 2303 1119 2376 oratio;
1147 2322 1239 2380 quam
1268 2301 1316 2361 etei

119 2402 173 2459 pro
186 2383 354 2440 conditione
367 2382 464 2441 carnis
476 2383 616 2460 migrasse
630 2382 839 2458 cognoscimus,
854 2382 886 2439 in
900 2383 1010 2441 caelesti
1023 2384 1117 2461 gloria
1130 2384 1212 2462 apud
1225 2390 1256 2442 te
1268 2402 1314 2460 pro

119 2463 204 2522 nobis
218 2483 301 2521 orare
314 2463 484 2522 sentiamus.
528 2463 593 2523 Per.

179 2556 251 2614 Alio
264 2555 383 2615 Secreto.

181 2639 313 2714 Accepta
340 2637 387 2706 sit,
413 2637 549 2709 Domine,
576 2642 695 2694 sacruto
724 2636 817 2712 plebis
845 2638 956 2695 oblatio
980 2657 1033 2713 pro
1061 2645 1183 2695 tuorum
1210 2639 1312 2695 honore

119 2729 296 2788 sanctorum,
333 2738 459 2795 quorum
494 2738 523 2775 so
551 2718 664 2774 meritis
699 2719 861 2793 percepisse
888 2719 925 2776 de
952 2719 1146 2777 tribulatione
1173 2720 1312 2796 cognoscit

116 2801 270 2858 auxihum.
313 2801 379 2858 Per.

177 2893 418 2952 Posteonnnunio.

174 2976 309 3050 Adjuvet
337 2994 400 3046 nos,
428 2993 604 3048 quaesumus,
635 2972 770 3043 Domine,
796 2974 887 3030 bcat‘e
917 2973 1021 3030 Mariae
1050 2993 1165 3050 semper
1193 2974 1309 3049 virginis

116 3056 284 3113 intercessio
298 3056 473 3126 veneranda,
488 3060 519 3111 ct
539 3074 557 3110 a
577 3053 690 3110 cunctis
711 3054 855 3128 periculos
869 3055 1017 3111 absolutos
1031 3055 1063 3110 in
1078 3063 1132 3111 tuo
1145 3056 1234 3112 iacias
1248 3073 1308 3131 pace

115 3137 248 3211 gaudere.
292 3138 359 3194 Per.

176 3229 246 3286 Alio
259 3228 501 3288 Postcommuoio.

175 3309 279 3366 Diviui
292 3311 422 3366 muneris
436 3309 572 3385 largitate
594 3308 703 3379 satiati,
719 3328 894 3384 quaesumus,
919 3309 1047 3366 Domino
1062 3308 1145 3366 Deus
1159 3317 1264 3380 noster,
1275 3317 1304 3364 ut

113 3391 362 3448 intercedentibus
379 3390 489 3447 sanctis
511 3389 665 3446 Timotheo
687 3396 717 3446 et
740 3389 964 3465 Symphoriano,
983 3391 1015 3446 in
1033 3391 1097 3466 ejus
1116 3410 1230 3466 semper
1249 3409 1304 3465 pan

113 3471 285 3548 ticipatione
299 3472 440 3528 vivamus.
486 3469 551 3526 Per.

179 3732 217 3790 Iu
238 3731 368 3790 men
389 3746 496 3788 senon
517 3729 761 3798 Benruononm,
783 3728 957 3786 neonem*
999 3730 1040 3803 (x.
1058 3728 1128 3787 Kal.
1147 3728 1237 3806 Sept.)

178 3882 314 3956 Officium.
359 3881 421 3957 Ego
436 3884 544 3937 autem.

171 3972 279 4032 Oratio

168 4055 300 4113 Concede
313 4055 407 4126 nobie,
423 4072 598 4129 quaesumuS,
615 4053 800 4127 omnipotens
814 4052 905 4123 Deus,
920 4061 1077 4111 venturam
1091 4054 1172 4111 beati
1186 4050 1291 4111 Bono

108 4138 203 4196 lomoei
217 4135 342 4213 apostoli
356 4136 401 4192 tui
416 4133 643 4192 sollemnitatem
657 4153 785 4209 congruo
799 4134 961 4210 praevenire
972 4133 1082 4191 honore
1096 4141 1127 4191 et
1141 4134 1288 4192 venientem

107 4219 196 4296 digna
209 4218 355 4275 celebrare
370 4216 532 4273 devotione.
577 4213 641 4270 Per.

166 4392 177 4414 ¹
193 4387 306 4435 ils-ln
322 4385 405 4443 l'ipih'a
416 4384 487 4429 suncti
503 4382 662 4428 saulaumon
672 4383 746 4427 omorio
760 4383 817 4442 fiunt
829 4383 855 4427 de
869 4382 982 4428 Communi
992 4383 1016 4428 in
1033 4383 1117 4443 l'ipih'c
1129 4383 1193 4430 onim
1202 4374 1286 4441 aposloli·

103 4454 124 4492 et
133 4447 237 4493 cenario
248 4447 274 4490 dc
284 4445 367 4490 sciretis
378 4444 488 4490 Timotheo
498 4451 519 4488 et
529 4443 668 4499 :lpollinuir¹
