2804 4920
429 295 479 361 In
500 295 555 362 dte
576 292 689 362 iniecto
711 297 854 363 Paschae.

44 462 85 521 In
98 461 196 539 primo
208 469 357 520 memento
370 483 423 540 pro
437 484 468 522 se
481 469 512 522 et
524 484 578 541 pro
591 464 669 521 rivis
682 470 761 522 oret:

107 543 155 602 Ut
168 544 230 601 sint
242 545 399 621 participes
412 545 491 602 tanti
503 545 645 622 mysterii.

167 624 330 682 Auditores
343 625 454 682 habiles
467 628 621 683 missarum
636 627 777 685 beneficii.

168 705 389 783 Contemplores
402 707 529 765 humiles
543 708 710 764 vanitatum
724 707 836 766 mundi.

168 786 371 844 Satisfactorcs
385 788 504 845 stabiles
516 788 646 845 defectus
662 790 781 865 proprii.

168 867 210 924 Et
223 875 380 925 sectatores
393 869 497 945 vigiles
511 869 607 925 (livini
620 870 762 926 beneficii.

46 947 86 1006 In
100 950 229 1006 seeundo
243 955 390 1007 memento
404 969 457 1026 pro
471 949 617 1007 defunctis
631 958 703 1007 oret.

107 1030 154 1088 Ut
169 1050 221 1106 per
233 1030 439 1087 suavissimum
453 1031 626 1105 mysterium
643 1031 771 1088 habeant
784 1031 958 1088 continuum
973 1031 1143 1088 subsidium.

108 1110 154 1168 Ut
168 1130 221 1186 per
234 1131 331 1186 preces
345 1112 471 1168 ecclesiae
486 1112 617 1168 fideliam
628 1110 756 1169 habeant
770 1132 859 1169 suain
874 1132 892 1168 a
905 1112 998 1188 pennis
1012 1111 1205 1188 refrigerium.

108 1191 155 1249 Ut
169 1212 222 1268 per
235 1192 289 1249 hoc
302 1200 437 1249 nostrum
457 1192 594 1249 divinum
607 1193 748 1249 viaticum
769 1193 897 1250 habeant
917 1213 1052 1250 securum
1066 1193 1196 1250 reditum
1210 1194 1248 1250 ad

168 1279 336 1329 sanctorum
351 1273 538 1331 consortium.

51 1351 120 1409 Post
133 1352 257 1410 Missam
272 1354 311 1410 sit
324 1375 438 1410 summa
451 1355 612 1430 gratiarum
626 1354 710 1411 actio.

107 1433 154 1490 De
168 1441 253 1491 tanto
268 1454 342 1510 pene
355 1437 528 1492 suavissime
542 1436 720 1510 angelorum,
737 1440 867 1503 creatore
878 1443 1079 1492 creaturarum
1093 1443 1219 1511 recepte.

107 1515 153 1572 Dc
170 1523 257 1572 tanto
279 1517 344 1573 cibe
372 1527 514 1593 perpetuo
542 1516 674 1573 omnium
702 1521 879 1588 sanctarum,
896 1523 1027 1573 creatore
1046 1522 1248 1573 creaturarum

167 1602 292 1674 recepto.

108 1677 153 1734 De
174 1684 259 1735 tanto
278 1677 386 1734 viatico
414 1679 543 1754 proficuo
570 1677 681 1734 Christi
709 1677 876 1750 electorum,
893 1683 1024 1735 creatore
1045 1684 1248 1735 creaturarum

168 1764 292 1836 recepto.

504 1920 543 1977 Iu
565 1919 627 1976 Dur
648 1919 789 1977 Pascua.

110 1999 249 2074 Officium.

122 2082 271 2138 tesurrexi
285 2089 316 2139 et
328 2080 424 2139 adlrnc
438 2088 535 2139 tecum
555 2102 630 2153 sum,
645 2081 790 2156 alleluya:
811 2081 936 2157 posuisti
953 2101 1041 2157 super
1060 2101 1108 2139 me
1128 2101 1249 2140 manum

55 2165 138 2231 tumn,
155 2163 299 2238 alleluya:
320 2163 464 2221 mirabilis
477 2164 555 2220 facta
569 2171 614 2219 est
627 2163 752 2219 scientia
764 2171 825 2230 tua,
840 2162 976 2238 alleluya,
992 2162 1126 2239 alleluya.

108 2255 253 2313 lestans.

108 2335 245 2408 Domine,
271 2336 402 2413 probasti
424 2356 471 2394 me
495 2343 526 2394 ct
552 2337 715 2414 cognovisti
742 2357 806 2393 me:
838 2343 872 2393 tu
900 2336 1064 2414 cognovisti
1092 2337 1250 2396 sessionem

50 2430 142 2472 meam
156 2426 187 2474 et
200 2419 444 2475 resurrectionem
458 2438 560 2475 meam.

110 2497 212 2574 Kyrie.
257 2499 325 2555 Lux
339 2506 370 2555 et
384 2499 472 2575 origo.

111 2596 219 2654 Oratio.

110 2676 200 2748 Deus,
226 2678 278 2753 qui
306 2676 447 2734 hodierna
469 2677 516 2733 elie
544 2696 596 2752 per
624 2676 821 2752 Unigenitum
850 2683 937 2732 tuum
965 2676 1140 2733 reteniitatis
1167 2678 1252 2733 nobis

41 2756 171 2825 aditum,
188 2759 305 2815 devicta
326 2764 428 2829 morte,
443 2758 596 2815 reserasti:
617 2765 687 2814 vota
708 2764 815 2828 nostra,
833 2777 897 2834 (pue
911 2757 1117 2833 praeveniendo
1131 2759 1250 2834 aspiras,

41 2837 137 2894 etiam
152 2839 321 2914 adjuvando
336 2859 517 2915 prosequere.
560 2838 618 2895 Per
632 2839 765 2895 eundern.

112 2936 161 2990 Ad
176 2935 345 2993 Corinthios
358 2936 391 3011 (l
409 2957 433 2993 v.
451 2938 477 3008 l’,
493 2936 537 3013 8).

112 3015 248 3073 Fratres:
270 3017 442 3093 Expurgate
456 3023 541 3073 vetus
553 3017 741 3087 fermentum,
756 3023 792 3072 ut
805 3015 870 3072 sitis
890 3036 967 3072 nova
988 3016 1162 3091 conspersio
1177 3017 1254 3073 sicut

41 3095 121 3151 estis
142 3098 244 3172 azymi.
288 3098 408 3155 Etenim
429 3098 542 3154 Pascha
561 3105 695 3154 nostrum
712 3098 881 3153 irnrunlatus
901 3104 946 3153 est
960 3097 1102 3153 Christus.
1147 3097 1253 3174 ltaque.

45 3176 213 3249 epulemur,
243 3196 303 3235 non
331 3179 362 3234 in
394 3179 538 3235 fermento
565 3179 668 3249 veteri,
697 3199 792 3253 neque
826 3179 859 3233 in
892 3179 1037 3235 ser-niente
1069 3178 1190 3235 malitiae
1222 3191 1253 3235 et

45 3259 199 3333 nequitiae,
215 3261 265 3317 sed
279 3260 311 3316 in
324 3260 433 3335 azymis
447 3259 634 3331 sinceritatis,
649 3266 679 3316 ct
693 3259 834 3315 rer-itatis.

116 3354 248 3413 Gradul.

116 3436 187 3494 Hac
202 3439 264 3495 (lies
278 3457 365 3513 quarn
381 3438 450 3495 fecit
465 3437 629 3494 Dominus:
649 3437 840 3499 exsultemus,
856 3443 887 3492 et
900 3437 1035 3493 latemur
1052 3437 1085 3493 in
1099 3458 1139 3494 ea.

65 3511 97 3570 Γ.
119 3517 305 3575 Conlitcmini
325 3519 462 3591 Domino,
479 3519 618 3594 (pilonium
638 3520 749 3575 hornis:
774 3518 913 3593 (parnieni
936 3518 968 3573 in
990 3520 1128 3575 sa¹culu1u
1146 3520 1256 3576 miseri-

54 3597 151 3654 cordia
165 3601 235 3672 eires,

118 3679 259 3756 Alleluya.
310 3681 337 3738 Γ.
360 3681 472 3738 Pascha
485 3686 620 3737 nostrum
634 3679 802 3736 immolatas
818 3687 862 3736 est
877 3680 1019 3738 Christus.

120 3775 140 3834 S
153 3780 277 3852 orrentia.

136 3858 261 3937 Fulgens
275 3860 413 3936 praeclara
426 3861 531 3918 rutilat
544 3881 597 3936 per
611 3861 710 3916 orbem
725 3859 810 3916 hodic
825 3858 895 3930 dies,
911 3859 1015 3935 inqua
1030 3858 1143 3917 Christi
1158 3861 1255 3916 lucida

214 3948 375 3999 narrantur
388 3949 511 3999 ovanter
524 3941 632 4017 pralia.

139 4019 181 4079 Dc
203 4021 288 4079 hoste
312 4025 436 4099 superbo
460 4043 547 4098 quern
571 4022 660 4080 Jcsus
684 4020 889 4097 triumpharit,
913 4021 1034 4097 pulchre
1058 4029 1153 4079 eastra
1176 4021 1256 4077 illius

215 4104 361 4179 perimens
375 4104 534 4162 teterrima.

139 4179 245 4241 infelix
259 4185 345 4260 culpa
360 4185 439 4255 Esse,
455 4205 513 4260 qua
527 4185 674 4240 caruimus
689 4203 788 4240 curares
804 4184 866 4239 rita
883 4204 888 4239 :

141 4260 221 4321 Felix
234 4265 330 4342 proles
344 4265 457 4336 Maria,
473 4286 532 4342 qua
546 4266 700 4342 epulamur
714 4265 800 4322 inodo
814 4284 881 4320 una

142 4341 296 4404 Benedicta
309 4347 349 4403 sit
362 4348 438 4405 celsa
451 4347 568 4421 Regina
581 4347 641 4407 illa.

143 4421 286 4486 Generans
299 4427 411 4505 Regem
425 4419 600 4506 spoliantem
614 4428 746 4499 Cl'artara,
763 4426 924 4504 pollentem
935 4427 998 4502 jam
1012 4425 1044 4482 in
1059 4424 1175 4484 athera
1253 4500 1256 4506 ἱ
