2804 4920
538 349 635 415 Festa
648 346 753 414 Jaliz’.
1186 350 1249 418 287

78 515 153 574 ariae
168 515 371 593 Magdalenae3
392 517 429 574 de
447 517 531 593 cujus
549 516 747 573 sollemnitate
765 514 896 592 gaudent
911 514 1017 592 angeli,
1034 521 1065 572 et
1081 514 1251 574 collaudant

79 597 160 654 lium
181 598 246 656 Dei.

103 678 254 737 Paclmas.
291 679 422 736 Dimissa
435 685 506 736 sunt
520 679 547 735 ci
560 684 679 755 peccata
692 676 806 735 multa:
827 676 968 753 quoniam
982 676 1088 735 dilexit
1101 678 1237 735 multum.

102 760 202 835 Kyrie
215 780 282 817 curn
295 781 385 817 versu.

103 840 216 898 Orat-io.

100 921 228 997 Iargire
247 921 339 993 nobis,
355 920 580 979 clementissime
597 920 696 992 Pater,
711 920 790 997 quod
804 920 882 978 sicut
895 920 983 978 beata
1001 919 1099 978 Μαιία
1118 920 1250 997 Magdal-

78 1023 96 1059 a
119 1002 284 1059 Dominum
301 1009 437 1060 nostrum
455 1001 477 1060 J
479 1021 562 1058 esum
576 1000 728 1059 Christum
744 1021 832 1078 super
849 1002 949 1058 omnia
966 1000 1116 1078 diligendo
1129 1022 1250 1058 suorum

78 1083 176 1140 tinuit
210 1083 329 1140 veniam
359 1083 569 1159 peccaminum,
599 1082 643 1139 ita
669 1083 755 1139 nobis
789 1083 869 1159 apud
902 1082 1132 1140 misericordiam
1166 1090 1248 1140 tuam

78 1164 253 1240 npiternam
267 1164 407 1240 impetret
421 1163 643 1221 beatitudinem.
688 1163 746 1221 Per
759 1163 893 1222 eundem.

98 1256 249 1314 Memorio
269 1257 415 1314 deaanctc
438 1255 658 1330 Wandrcpesilo‚
674 1256 780 1314 abbate.
825 1255 933 1314 Oratio.

99 1337 195 1409 Deus,
208 1338 262 1414 qui
274 1337 445 1394 hodiernam
457 1337 535 1394 diem
549 1338 776 1394 sacratissimam
792 1338 877 1394 nobis
891 1337 923 1393 in
935 1337 1015 1394 beati
1029 1335 1248 1414 wandregesili

78 1419 215 1476 ifcssoris
241 1418 289 1475 tui
315 1425 405 1494 atque
430 1419 545 1475 abbatis
574 1417 772 1475 sollemnitate
794 1418 947 1489 tribuisti3
976 1417 1077 1475 adesto
1104 1420 1249 1494 propitius

78 1500 182 1558 clesiae
195 1507 265 1572 tuae,
279 1506 315 1556 ut
328 1501 412 1576 cujus
425 1499 570 1575 gloriatur
584 1499 705 1570 meritis,
721 1499 875 1556 muniatur
889 1499 1043 1576 suffragiis.
1086 1499 1152 1557 Per.

99 1592 247 1669 Epistola.
291 1593 386 1651 Lectio
400 1593 469 1650 liora·
483 1591 641 1669 sS'cpieotiae
655 1592 759 1663 (Prot.
775 1592 852 1649 mxi.
873 1592 985 1669 10-31).

101 1674 263 1731 Mulierem
277 1676 383 1731 lbrtem
398 1675 464 1750 quis
478 1675 610 1731 inveniet
624 1694 714 1748 usque
728 1673 770 1730 ad
790 1693 878 1750 opera
892 1675 962 1750 ejus.

102 1755 240 1813 Gradale.
284 1755 426 1812 Dilexisti
436 1755 594 1831 justitiam.

103 1837 266 1913 Propterea
279 1835 377 1893 unxit.

101 1917 253 1994 Alleluya
317 1917 345 1974 V.
402 1916 554 1992 Optimam
590 1922 704 1993 partem
738 1915 828 1994 elegit
861 1915 918 1972 sibi
953 1914 1061 1986 Maria,
1089 1935 1155 1992 quse
1185 1935 1245 1974 non

78 1999 195 2056 feretur
214 1999 252 2056 ab
272 2018 307 2057 ea
326 1999 359 2055 in
378 2006 529 2055 aeternum.

101 2079 269 2154 Sequentia.
313 2079 405 2137 Mane
424 2079 521 2156 prima
534 2079 668 2150 Sabbati,
683 2078 798 2153 repaire
818 2078 851 2134 in
872 2077 1050 2135 hedlomsda
1069 2077 1189 2135 Posclsoe
1208 2078 1243 2135 in

78 2161 175 2219 obolo.

102 2241 308 2316 Eocnpelium.
351 2241 489 2316 Rogabat
512 2240 616 2298 Jesum
642 2240 762 2316 quidam
787 2239 964 2311 Pharisaeus,
985 2258 1080 2314 quoerc
1102 2239 1136 2296 is
1157 2238 1247 2297 Feric

78 2323 150 2380 :into
158 2323 298 2398 proaeimo
312 2331 379 2380 ante
392 2322 580 2380 Dourioicom
593 2322 628 2378 ia
641 2322 747 2378 linaiis
758 2321 942 2380 Palmorum.

104 2403 209 2462 Credo.
1030 2400 1033 2406 ’

107 2484 301 2558 offertorium.
344 2483 461 2540 Diffusa
474 2491 527 2541 est.

105 2566 225 2623 Secreto.

107 2646 253 2703 Salutaris
276 2645 380 2703 hostiae
404 2664 512 2702 munus
534 2644 645 2702 divinis
658 2643 832 2702 sacrandum
857 2644 1012 2720 mysteriis,
1038 2643 1125 2700 beata
1148 2643 1247 2701 Maria

78 2726 444 2803 lagdalenapatrocinante,
454 2726 590 2797 Domine,
600 2732 768 2783 nostrorum
777 2731 867 2782 exuat
876 2724 1041 2800 rubiginem
1049 2731 1243 2800 peccatomm‚

78 2807 170 2866 tillius
179 2808 413 2884 compunctionis
421 2808 548 2885 gratiam
559 2814 589 2864 et
600 2806 718 2884 pietatis
729 2825 816 2883 opera
827 2807 964 2881 consequi
976 2824 1147 2862 mercamur.
1177 2805 1242 2862 Per.

108 2889 177 2946 Atia
191 2889 312 2947 Secreto.

108 2968 286 3026 Sacrificium
300 2969 365 3040 tibi,
381 2969 518 3040 Domine,
535 2969 629 3026 laudis
644 2967 792 3025 offerimus
806 2987 859 3043 pro
869 2967 963 3023 sancti
974 2966 1141 3023 celebritate
1151 2965 1244 3024 Wan-

78 3051 181 3124 ragesili
201 3050 325 3122 abbatis,
348 3056 383 3107 ut
405 3050 648 3126 propitiationem
672 3055 755 3105 tuam
779 3068 867 3123 spiam
892 3049 1001 3105 nostris
1024 3047 1161 3124 operibus
1184 3067 1245 3104 nou

78 3146 191 3189 uremur
204 3133 248 3208 pii
262 3131 505 3207 suffragatoribus
519 3130 776 3188 intercessionibus
790 3147 1008 3204 consequamur.
1051 3127 1119 3186 Per.

108 3212 288 3272 (lenissumo.
331 3212 448 3270 Diffusa
462 3219 507 3270 est
520 3212 623 3288 gratia

107 3292 345 3352 Poatcommunio.

106 3373 239 3433 Praebeat
262 3375 356 3443 nobis,
382 3373 519 3444 Domine,
543 3373 636 3430 beatae
664 3372 768 3430 Mariis
793 3371 930 3428 salutaris
957 3370 1086 3428 imitatio
1113 3378 1244 3430 sanctam

78 3455 214 3528 asinam,
241 3455 382 3532 quatinus
409 3455 489 3511 illius
513 3455 606 3531 partis
632 3461 782 3512 consortes
810 3473 871 3510 esse
898 3471 1072 3524 mereamur,
1095 3473 1160 3528 quae
1184 3472 1244 3509 non

78 3530 192 3594 deretur
205 3537 243 3593 ab
258 3555 299 3593 ca.
343 3535 407 3593 Per.

103 3617 174 3674 Alia
188 3617 431 3675 Postcommunio.

101 3695 164 3755 Tua
177 3705 280 3755 sancta
288 3706 444 3767 sumentes,
460 3716 636 3774 quaesumus,
651 3695 788 3765 Domine,
804 3702 839 3752 ut
852 3695 931 3752 beati
945 3695 1164 3772 Wandrsgesili
1179 3715 1243 3753 con-

78 3780 155 3836 sons
169 3779 217 3836 tui
229 3785 319 3855 atque
333 3779 448 3836 abbatis
462 3798 515 3836 nos
528 3778 648 3836 foveant
662 3778 835 3835 continuata
848 3776 990 3853 praesidia.
1034 3776 1099 3835 Per.

233 3978 345 4036 Sason
366 3976 584 4049 Arommsms,
607 3991 768 4033 usnrrms.
814 3973 854 4051 (x.
871 3972 939 4031 Kal.
956 3971 1049 4050 Aug.)

99 4106 262 4184 Officium?
303 4107 473 4167 Sacerdotes
487 4108 553 4166 Dei.

98 4190 213 4248 Oratio.

98 4266 223 4343 Praesta,
237 4289 414 4347 quesumus,
429 4271 615 4347 omnipotens
635 4271 724 4341 Deus,
740 4273 775 4325 ut
795 4265 1003 4324 intercessione
1024 4265 1104 4323 beati
1125 4264 1239 4342 Apolli·

78 4345 124 4407 ·is
145 4352 285 4430 martyris
308 4353 353 4410 tui
375 4361 465 4429 atque
492 4351 639 4428 pontilicis
662 4370 681 4407 a
704 4355 890 4427 peccatorum
918 4353 1085 4403 nostrorum
1114 4347 1242 4404 nexibus

78 4440 94 4462 ι

95 4446 207 4491 remur.
250 4432 317 4492 Per·
425 4512 437 4536 ,
453 4511 506 4556 ΜΒ.
513 4510 678 4556 ‘Sacerdotes
687 4509 732 4566 tui,
743 4507 851 4553 Domino.
