2804 4920
290 303 476 370 Domtaieo
497 303 554 369 iii.
574 311 650 390 post
675 303 812 370 Oetaeos
833 303 1051 391 Epiphania.
1227 309 1268 372 33

537 521 637 579 Fssm
658 521 796 592 Quaem.

124 642 171 699 Ad
186 639 365 702 Ooloseerwea
408 642 530 719 (Epltes.
546 644 590 701 iii.
608 645 645 716 23
669 644 810 703 Colossi.
827 645 947 722 26-28)

125 736 259 793 Fratres:
281 736 419 794 Audistis
433 737 682 813 dispensationem
696 737 763 810 Dei,
779 757 844 814 quse
858 739 929 796 data
942 744 987 796 est
1000 738 1075 796 mihi
1088 739 1120 797 in
1131 738 1223 811 vobis,
1232 747 1267 797 ut

82 816 198 893 npleam
222 819 344 875 verbum
367 816 434 889 Dei,
449 819 632 894 mysterium,
653 819 732 895 quod
754 819 958 877 absconditum
978 819 1046 890 fuit,
1067 839 1085 877 a
1105 819 1217 878 saeculis
1237 829 1268 877 et

82 899 306 970 enerationibus,
327 918 407 956 nuno
425 907 525 956 autem
542 900 764 957 manifestatum
784 905 829 957 est
849 901 958 957 sanctis
983 901 1055 976 ejus,
1078 901 1185 977 quibus
1206 901 1267 958 Do-

82 978 160 1035 rinus
176 980 272 1036 voluit
293 987 378 1037 notas
398 979 492 1038 faeere
508 980 628 1038 divitias
645 981 745 1056 glorie
763 981 939 1038 sacramenti
959 980 1049 1057 hujus
1070 981 1266 1058 ingentibus,

82 1061 142 1130 nod
161 1067 206 1117 est
226 1061 363 1118 Christus
383 1061 415 1116 in
429 1061 513 1118 vobis
535 1080 601 1137 spes
622 1061 733 1137 gloriae,
752 1081 841 1137 quem
863 1081 916 1119 nos
937 1062 1157 1134 annuntiamus,
1180 1063 1267 1120 corri-

82 1139 176 1197 ›ientes
198 1149 228 1198 et
249 1142 386 1199 docentes
408 1160 525 1199 omnem
541 1142 692 1199 hominem
711 1142 742 1198 in
765 1142 847 1199 omni
860 1143 1011 1219 sapientia,
1026 1150 1061 1200 ut
1077 1143 1267 1202 exhibeamus

82 1237 176 1278 ›nmem
192 1222 342 1280 hominem
356 1222 519 1298 perfectum
532 1223 564 1279 in
580 1222 699 1280 Christo
713 1223 735 1281 J
736 1242 788 1281 esu
802 1223 932 1281 Domino
945 1231 1055 1281 nostro.

126 1301 290 1360 Securtdnm
304 1304 416 1360 Lucam
429 1303 466 1362 iv.
484 1311 500 1373 (
506 1304 621 1374 14-22.)

82 1459 85 1515 ἱ
125 1383 161 1440 In
174 1384 226 1440 illo
240 1390 381 1461 tempore,
398 1384 560 1460 Regressus
574 1391 619 1442 est
631 1385 654 1443 J
655 1404 722 1442 esus
734 1384 768 1442 in
781 1386 893 1443 virtute
906 1405 997 1460 osque
1011 1387 1052 1443 ad
1071 1385 1266 1463 procedebant

87 1479 103 1518 e
116 1483 161 1522 ore
175 1484 245 1540 ejus.

548 1618 648 1676 Fame
671 1618 781 1677 Saura

123 1750 170 1806 le
185 1747 368 1806 Timotheum
381 1747 415 1822 (l
432 1748 451 1805 i.
471 1748 585 1827 15-17).

124 1830 277 1888 Carissimo
291 1850 297 1887 :
319 1829 429 1886 Fidelis
442 1849 537 1886 sermo
551 1848 640 1904 usqae
654 1830 695 1887 od
711 1829 743 1886 in
757 1829 863 1887 saeeulo
876 1828 1056 1887 saeculorum.
1113 1830 1221 1888 Amen.

82 1905 226 1969 lecet-adam
239 1911 378 1967 Marcum
396 1911 434 1984 (i.
453 1909 573 1986 40-44).

123 1992 157 2050 In
173 1993 224 2050 illo
238 2000 381 2067 tempore,
391 1991 486 2048 Venit
500 1991 537 2048 ad
545 1991 567 2049 J
568 2010 651 2049 esum
662 1991 794 2068 leprosus
807 2011 898 2067 ueqrue
912 1992 953 2049 od
965 1992 1105 2068 praecepit
1121 1991 1221 2050 Moses
1236 1993 1267 2048 in

82 2074 263 2131 tetimonium
277 2073 344 2129 illis

281 2219 442 2277 Domuum
463 2235 575 2276 rearis
597 2235 669 2276 rosr
690 2219 832 2278 Ocmvss
852 2219 1044 2276 Errrnsurm

121 2324 263 2464 iiiiii}
276 2405 383 2475 Deum,
399 2423 500 2461 omnes
521 2404 618 2481 angeli
641 2405 711 2480 ejus.
755 2404 885 2462 Audiuit
906 2409 937 2462 et
958 2404 1059 2463 letata
1072 2410 1119 2464 est
1140 2404 1220 2478 Sion,
1237 2412 1267 2463 et

82 2487 271 2544 xnltaverunt
285 2486 353 2542 filim
367 2485 389 2543 J
392 2485 464 2542 udae.

120 2569 265 2626 Psalrsua.

120 2649 267 2743 Dominus
280 2647 424 2725 regnavit,
440 2647 555 2705 exultet
569 2653 667 2707 terra:
687 2647 829 2705 laetentnr
841 2647 944 2705 insulse
959 2647 1069 2706 multae.

122 2731 315 2888 ginairiiiotens
329 2809 507 2885 sempiterne
521 2809 612 2880 Deus,
625 2808 830 2866 infirmitatem
840 2814 972 2866 nostram
986 2808 1132 2885 propitius
1142 2809 1251 2885 respice
1258 2829 1266 2879 ;

82 2894 147 2983 tque
160 2894 197 2951 ad
217 2891 431 2969 protegendum
445 2910 499 2947 nos
516 2891 669 2947 dexteram
687 2895 746 2946 tuae
761 2890 923 2965 majestatis
937 2890 1071 2946 extende.
1128 2888 1187 2947 Per
1208 2889 1266 2946 Do

82 2987 181 3032 [unum.

120 3066 167 3124 Ad
182 3068 332 3125 Romanos
345 3064 416 3139 (eii,
436 3062 552 3140 16-21).

82 3237 96 3278 n
109 3145 380 3286 bisstffiliuiiome
398 3164 459 3202 esse
473 3145 632 3221 prudentes
646 3143 724 3221 apud
737 3143 930 3221 vosmetipsos
943 3163 1034 3219 usque
1054 3145 1095 3202 ad
1114 3145 1165 3202 sed
1179 3145 1265 3203 vince

120 3309 278 3448 irrrircelliriedt
307 3394 410 3465 gentes
437 3407 545 3445 nomen
572 3393 668 3458 tuum,
697 3387 849 3445 Domine:
883 3394 915 3444 et
941 3406 1043 3444 omnes
1069 3407 1151 3465 reges
1178 3393 1264 3445 terrae

83 3462 435 3623 lozariiiniilrirmredifieavit
449 3549 597 3606 Dominus
610 3549 699 3607 Sion:
721 3555 752 3607 et
765 3549 915 3607 videbitur
928 3549 960 3605 in
974 3549 1127 3625 majestate
1140 3569 1201 3608 sua.

123 3636 265 3711 Alleluya
326 3633 353 3690 V.
386 3631 533 3688 Dominus
557 3631 701 3707 regnavit,
727 3630 843 3688 exultet
866 3637 962 3688 terra:
996 3630 1137 3688 laetentur
1160 3630 1263 3689 insule

82 3714 284 3855 uurpfflum
299 3794 474 3852 erarium
487 3793 566 3864 (aaz
586 3792 679 3870 1-13).

123 3876 156 3936 In
177 3878 230 3936 illo
254 3885 394 3952 ternpore,
416 3868 492 3932 Cum
514 3874 710 3933 descendisset
731 3871 819 3932 Jesue
845 3874 883 3933 de
908 3880 1010 3933 monte
1032 3893 1122 3950 usque
1149 3875 1190 3932 ad
1222 3873 1263 3931 Et
1369 3929 1373 3937 ,

82 3967 176 4018 matus
189 3965 235 4017 est
248 3978 323 4035 puer
336 3957 368 4014 in
382 3956 434 4014 illa
447 3957 527 4014 hora

124 4040 395 4178 giiigugomini
415 4119 484 4176 fecit
498 4118 641 4175 virtutem
653 4137 662 4191 ;
681 4117 803 4176 dextera
817 4117 941 4176 Domini
954 4117 1100 4175 exaltavit
1112 4136 1176 4175 me:
1200 4135 1260 4173 non

82 4201 175 4273 moder,
188 4203 237 4260 sed
252 4203 361 4274 vivam,
377 4207 408 4258 et
421 4201 547 4257 narrabo
561 4218 648 4276 opera
662 4197 793 4256 Domini.

125 4281 311 4436 {gildonia
327 4363 464 4433 Domine,
480 4381 656 4438 quaesumus,
671 4360 812 4418 emundet
829 4367 930 4420 nostra
946 4360 1061 4433 delicta,
1076 4366 1107 4417 et
1121 4359 1158 4417 ed
1176 4361 1262 4417 saeri-

83 4429 160 4502 fitium
173 4445 375 4505 celebrandum
387 4445 575 4503 subditorum
588 4443 645 4500 tibi
658 4462 780 4520 corpora
792 4450 964 4520 mentesque
981 4441 1151 4502 sanctificet.
1193 4441 1252 4500 Per

530 4541 552 4582 1>
