2804 4920
522 315 706 382 Domitios
727 316 766 382 ii.
789 317 975 389 Adventus

413 529 575 588 Doureios
594 545 735 588 arcuum
754 529 924 589 Anvarrus
946 531 1073 590 Doumr.

205 663 344 738 Officium

201 744 334 820 Populus
348 742 429 815 Sion,
444 762 511 801 ecce
524 742 671 800 Dominus
684 742 784 801 veniet
796 743 835 801 ad
851 743 1005 802 salvandas
1018 749 1139 821 gentes:
1159 750 1191 804 et
1210 743 1344 805 auditam

141 824 230 884 faciet
243 824 390 883 Dominus
402 824 527 902 gloriam
540 823 619 882 vocis
632 843 693 882 suae
706 824 739 880 in
752 824 858 882 letitia
871 825 966 883 comlie
980 826 1080 884 vestri.

201 906 346 965 Perductos.

201 987 262 1058 Qui
274 987 350 1066 regia
364 986 465 1060 Israel,
480 985 620 1044 intende:
641 985 694 1063 qui
707 985 826 1044 deducis
839 987 923 1045 velut
937 1006 1023 1045 ovem
1035 988 1057 1045 J
1060 987 1157 1065 oseph.

202 1067 311 1126 Oratim.

200 1149 316 1222 Excita,
331 1148 468 1220 Domine,
482 1148 570 1206 conia
582 1154 684 1206 nostra
696 1147 734 1205 cd
752 1148 957 1225 praeparandos
971 1148 1132 1226 Unigeniti
1144 1149 1191 1207 tui
1203 1148 1286 1210 viss:
1307 1156 1340 1207 ut

138 1248 191 1306 per
214 1231 277 1306 ejus
297 1230 458 1288 adventum
481 1229 643 1306 purificatis
666 1229 724 1286 tibi
744 1229 894 1287 mentibus
918 1230 1027 1288 servire
1055 1250 1228 1289 mereamur.
1280 1232 1338 1302 Qui

138 1317 236 1368 tecum
249 1311 327 1368 vivit
338 1318 369 1369 et
381 1317 486 1388 regnat
499 1310 589 1368 Deus.

196 1392 292 1451 Lectio
305 1392 444 1468 Epistolae
458 1392 532 1449 beuti
545 1390 638 1448 Pauli
650 1388 780 1466 Apostoli
793 1392 834 1448 acl
847 1391 993 1449 Rotnanos
1012 1391 1073 1469 (xv.
1091 1392 1187 1469 413).

196 1472 336 1532 Fratres:
358 1473 558 1549 Quaecumque
568 1471 677 1549 scripta
687 1478 758 1529 sunt
768 1493 856 1548 oeque
869 1473 911 1530 ad
924 1479 955 1531 et
964 1473 1077 1531 virtute
1087 1473 1217 1551 Spiritus
1228 1472 1334 1532 Sancti

198 1552 332 1612 Grodale.

195 1633 244 1692 Ex
257 1634 328 1692 Sion
342 1635 451 1711 species
465 1634 576 1692 decoris
590 1634 670 1710 ejus:
692 1634 774 1692 Deus
787 1633 942 1693 manifeste
955 1634 1064 1692 veniet.

141 1713 169 1772 Γ.
196 1714 379 1793 Congregate
405 1714 451 1772 illi
478 1721 594 1773 sanctos
617 1715 698 1791 ejus:
728 1716 781 1791 qui
804 1715 1018 1773 ordinaverunt
1042 1722 1253 1775 testamentum
1274 1717 1337 1793 ejus

134 1814 169 1853 su
206 1816 222 1852 r
235 1796 383 1855 sacrificia

168 1815 342 1955 poAllelnya.
398 1876 536 1936 Virtutes
563 1876 627 1934 caeli
654 1876 861 1949 movebuntur,
891 1883 922 1935 et
955 1883 1027 1935 tuno
1053 1877 1196 1936 videbant
1223 1878 1341 1937 Filium

131 1957 259 2016 hominis
272 1959 441 2017 venientem
454 1958 487 2015 in
500 1958 629 2016 nubibus
643 1957 706 2014 eseli
720 1977 788 2015 cum
800 1964 946 2035 potestate
960 1966 990 2017 et
1003 1959 1157 2036 majestate
1171 1980 1284 2040 magne.

191 2039 217 2098 S
282 2041 353 2100 nlla.

214 2058 439 2199 equiiegnantem
468 2120 647 2197 sempiterna
677 2138 730 2195 per
761 2118 867 2178 saeoula
898 2126 1069 2198 susceptura
1100 2122 1202 2181 concio
1229 2121 1369 2181 devote

413 2220 564 2277 concrepa,

251 2282 365 2339 Divino
378 2302 450 2340 sono
465 2281 583 2339 Factori
596 2280 745 2339 reddendo
760 2280 878 2339 debita:

252 2362 308 2420 Oui
317 2362 451 2440 jubilant
464 2362 583 2440 agmina
596 2362 701 2433 caelica,
716 2362 742 2437 ej
747 2381 780 2418 ue
794 2362 882 2419 vultu
896 2362 1078 2421 exhilarata:

251 2443 347 2512 Quem
361 2449 520 2520 expectant
534 2443 634 2501 omnia
647 2449 750 2515 terrea,
766 2443 830 2520 ejus
843 2450 921 2502 nutu
935 2444 1140 2517 examinanda,

251 2523 432 2582 Distriotum
445 2524 483 2582 sd
491 2524 613 2600 judicia,

252 2603 436 2663 Clementem
450 2605 482 2661 in
495 2605 635 2681 potentia

250 2685 315 2744 Tua
328 2706 382 2745 nos
395 2685 485 2759 salva,
501 2686 627 2757 Christe,
643 2685 807 2758 clementie,
822 2691 944 2763 propter
957 2706 1030 2763 quos
1044 2705 1146 2762 passus
1160 2706 1191 2745 es
1204 2687 1276 2746 dira

248 2767 300 2824 Ad
314 2767 375 2844 poli
388 2773 468 2825 astra
481 2767 603 2825 subleva
615 2766 719 2839 nitida,
735 2768 788 2843 qui
801 2767 886 2825 sorde
901 2769 991 2845 tergis
1005 2767 1118 2826 saecula

249 2848 364 2907 Influat
377 2849 455 2907 salus
468 2868 547 2921 vera,
564 2848 695 2925 effugans
708 2849 845 2924 pericula.

249 2930 359 2988 Omnia
372 2936 408 2988 ut
420 2930 482 2987 sint
495 2929 613 3002 munda,
628 2929 727 2985 tribue
740 2929 861 3005 pacifica
871 2948 881 3002 3

250 3010 297 3068 Ut
309 3011 358 3068 hic
372 3017 425 3068 tua
438 3011 512 3067 salvi
525 3009 731 3077 misericordia,

249 3090 326 3147 Lecti
340 3110 430 3167 regna
443 3097 509 3166 post
523 3090 661 3148 adeamus
675 3109 789 3165 supera,

251 3170 317 3240 Quo
330 3190 433 3247 regnas
447 3170 551 3227 saeculs
564 3189 617 3247 per
629 3170 755 3227 infinita.

189 3251 389 3323 Evatrpelium.
432 3250 598 3309 Secundum
611 3251 723 3308 Lucum
737 3251 812 3327 (cai.
828 3251 942 3328 25-33)

190 3330 230 3388 In
252 3331 305 3389 illc
328 3337 469 3409 tempore,
496 3331 584 3388 Dixit
604 3332 626 3389 J
628 3350 693 3389 esus
717 3331 867 3408 discipulis
890 3333 959 3406 suis,
985 3334 1085 3391 Erunt
1109 3333 1194 3411 signa
1217 3335 1249 3392 in
1270 3335 1345 3393 sole

128 3431 217 3487 twqioe
231 3413 271 3468 ad
284 3412 375 3470 rerba
387 3419 488 3470 antem
501 3433 566 3470 mea
579 3432 639 3470 non
652 3412 831 3472 transibunt.

191 3492 382 3566 offertorium.

188 3573 279 3644 Deus,
298 3580 332 3631 tu
354 3579 526 3632 convertens
543 3574 705 3633 vivificabis
727 3595 798 3633 nos:
823 3580 854 3632 et
875 3576 957 3652 plebs
978 3582 1032 3633 tua
1053 3575 1205 3635 laetabitur
1226 3579 1259 3636 in
1280 3585 1345 3636 tet

127 3654 248 3712 ostende
261 3655 354 3727 nobis,
370 3656 507 3728 Domine,
522 3656 749 3714 misericordiam
764 3663 856 3729 tuam,
868 3663 898 3714 et
912 3657 1039 3715 salutare
1053 3664 1141 3716 tuum
1154 3658 1193 3717 da
1205 3659 1301 3720 nobis.

188 3734 306 3794 Secreto.

188 3816 315 3888 Placere,
331 3837 505 3893 quiesumus,
520 3818 656 3891 Domine,
672 3819 850 3876 humilitatis
870 3824 978 3876 nostrae
997 3820 1132 3896 precibus
1153 3826 1183 3879 et
1203 3820 1311 3881 hostiis
1328 3830 1346 3887 ἱ

126 3903 157 3955 et
170 3897 222 3954 ubi
235 3897 318 3955 nulla
331 3905 492 3975 suppetunt
506 3899 626 3976 praemia
639 3900 822 3973 meritorum,
838 3900 897 3957 tuis
913 3900 998 3958 nobis
1018 3921 1154 3959 succurre
1174 3904 1344 3979 praesidiis·

125 3978 184 4036 Per
197 3977 369 4036 Dominum.

184 4059 327 4135 Prusatio
341 4061 522 4135 quotidiana

184 4140 365 4200 Cotrimunio.

182 4221 381 4295 Hierusalem,
396 4242 482 4300 surge
495 4227 525 4281 et
538 4228 585 4281 sta
597 4222 630 4280 in
643 4222 766 4296 excelso,
782 4230 813 4283 et
826 4224 894 4283 vide
909 4225 1126 4302 jooimditatem
1144 4245 1212 4303 quae
1226 4227 1343 4286 veniet

122 4301 179 4360 tibi
192 4323 211 4360 a
224 4303 288 4362 Deo
303 4312 363 4362 tuo.

182 4384 422 4444 Postcommunio.

182 4464 298 4526 Refecti
312 4468 377 4526 cibo
390 4466 553 4546 spiritualia
572 4466 727 4542 alimoniae,
743 4467 887 4546 supplices
908 4476 947 4546 te,
962 4468 1100 4544 Domine,
1116 4469 1334 4548 deprecamur:
