2804 4920
342 343 392 408 In
412 344 506 416 Festo
525 350 723 413 lammam
737 345 999 413 Innocentium.
1230 351 1271 413 21

123 510 290 587 Sequentia.

186 592 270 651 Celsa
281 591 367 669 pueri
375 598 556 668 concrepent
569 592 704 666 melodia,

185 673 241 732 Pis
255 672 453 731 Innoceutum
466 673 595 731 colentes
608 674 748 753 tripudia,

185 754 266 823 Quos
278 753 376 811 infans
391 752 527 811 Christus
540 752 627 813 hodie
640 756 725 814 vexit
737 755 776 813 ad
788 761 874 815 ostra

185 835 265 905 Quos
278 833 441 892 trucidavit
454 833 592 894 frendens
605 836 721 894 insania

184 914 364 974 Herodianus
378 915 498 988 haudis,
514 916 552 974 oh
565 916 649 975 nulla
662 918 793 991 crimina,

182 996 223 1054 In
236 996 391 1055 Bethleem
404 996 497 1073 ipsius
510 1004 617 1056 cuncta
630 1005 661 1057 et
673 1019 727 1076 per
739 997 874 1071 confinia,

181 1079 215 1135 A
228 1077 344 1136 bimatu
358 1082 389 1135 et
401 1077 481 1134 infra
489 1078 580 1153 juxta
594 1079 733 1137 nascendi
746 1085 886 1156 tempora

183 1158 320 1216 Herodes
333 1178 385 1216 rex
401 1158 515 1217 Christi
528 1160 592 1217 nati
606 1180 711 1218 verens
724 1160 829 1218 infelix
842 1161 975 1237 imperia,

183 1239 324 1297 Infremit
334 1244 425 1311 totus,
442 1246 473 1297 et
487 1240 576 1317 erigit
588 1261 671 1298 arms
684 1242 810 1318 superba
823 1241 955 1315 dextera,

184 1320 300 1389 Quaerit
313 1321 388 1377 lucis
401 1326 432 1377 et
446 1322 508 1379 caeli
522 1340 619 1399 regem
633 1342 701 1380 cum
714 1328 813 1380 mente
826 1322 954 1394 turbida,

184 1400 232 1458 Ut
246 1402 403 1478 extinguat
416 1401 576 1478 quiritum
590 1408 711 1479 praestat
724 1422 843 1480 persua
852 1403 958 1479 jacula

183 1481 267 1539 Dum
287 1501 347 1539 non
369 1482 471 1541 valent
491 1483 603 1542 intueri
625 1483 720 1542 lucem
743 1483 927 1563 splendidam
947 1483 1089 1542 nebulosa
1109 1482 1268 1560 quaerentis

318 1568 393 1636 tora,
819 1592 822 1599 2

183 1643 235 1700 Ira
248 1582 351 1713 fdredet
362 1644 480 1702 fmudm
493 1650 582 1721 auget
595 1644 730 1703 Herodes
739 1665 842 1718 saevus,
852 1652 889 1704 ut
898 1645 1002 1723 perdat
1011 1645 1128 1722 piorum
1138 1645 1263 1724 agmina

183 1723 288 1782 Castra
302 1725 431 1782 militum
446 1724 509 1782 dux
523 1725 643 1802 iniquus
657 1731 814 1804 aggregat3

183 1804 310 1863 Ferrum
324 1805 389 1882 figit
402 1806 434 1863 in
447 1806 580 1865 membra
592 1814 714 1882 tenera,

183 1885 270 1944 Inter
283 1887 374 1944 ubera
387 1886 431 1944 lac
445 1886 579 1959 effundit,

182 1967 356 2044 Antequam
370 1967 521 2044 sanguinis
534 1967 640 2026 fierent
654 1969 781 2046 coagula.

183 2046 290 2105 Hostis
303 2054 418 2106 naturae
431 2055 517 2108 natos
531 2049 674 2108 eviscerat
686 2056 776 2127 atque
786 2049 913 2127 jugulat.

182 2129 267 2186 Ante
280 2129 450 2206 prosternit,
466 2149 555 2206 quem
570 2137 640 2188 aetas
653 2131 777 2208 parvula
791 2135 889 2188 sumat
902 2129 1014 2188 robora.

183 2209 282 2278 Quam
295 2210 382 2268 hesta
395 2216 465 2268 sunt
480 2211 678 2270 Innocentum
692 2213 729 2269 ab
744 2211 866 2269 Herode
880 2230 952 2270 caesa
966 2209 1145 2288 corpuscula.

183 2290 282 2359 Quam
296 2290 394 2349 felices
407 2291 542 2350 existunt
555 2300 671 2365 matres,
687 2313 752 2370 quae
766 2292 908 2351 fudenmt
920 2291 992 2350 talia
1005 2291 1136 2369 pignora.

184 2370 320 2429 Odulces
328 2371 527 2430 Innocentum
536 2374 626 2433 acies!
636 2374 662 2432 0
671 2375 721 2451 pia
729 2374 893 2433 lactentum
900 2393 955 2451 pro
964 2372 1083 2431 Christo
1092 2368 1266 2430 certamina!

182 2451 350 2511 Parvorum
370 2453 557 2513 tmcidantur
575 2455 677 2529 millis,
691 2456 830 2513 membris
851 2474 890 2513 ex
910 2454 1019 2513 teneris
1040 2458 1163 2512 manant
1182 2450 1268 2510 lactis

264 2533 395 2593 flumina.

183 2614 272 2672 (lives
285 2615 411 2692 angelici
425 2616 550 2674 veniunt
563 2617 595 2673 in
610 2616 737 2690 obviam,

182 2695 265 2753 Mira
278 2695 404 2753 victoria
417 2697 487 2753 vitre
501 2704 601 2774 captat
613 2697 735 2774 praemia
749 2697 838 2755 turba
849 2696 1063 2755 candidissime

182 2776 234 2849 Te,
250 2776 377 2850 Christe,
394 2777 523 2854 petimus
536 2785 635 2836 mente
651 2778 848 2849 devotissima,

181 2856 295 2916 Nostra
308 2857 361 2935 qui
374 2859 483 2915 venisti
496 2858 654 2917 reformare
667 2858 781 2931 saecula,
798 2861 995 2916 Innocentum
1012 2856 1114 2934 gloria,

181 2938 303 2997 Perfrui
314 2958 368 2996 nos
382 2938 522 2996 concedas
535 2959 588 3016 per
601 2945 719 2997 aeterna

122 3018 290 3077 Secundum
303 3019 477 3078 Matthceum
494 3022 545 3097 (ii.
565 3021 680 3097 1318).

122 3099 162 3157 In
175 3101 228 3158 illo
241 3106 374 3178 temporo
388 3101 525 3177 Angelus
539 3101 662 3160 Domini
676 3100 814 3179 apparuit
826 3099 859 3158 in
872 3097 983 3159 soniuis
996 3099 1018 3158 J
1020 3098 1109 3176 oseph
1122 3115 1213 3174 usque
1227 3097 1269 3157 ad

64 3177 160 3238 toluit
172 3181 326 3254 consolari,
346 3181 416 3258 quia
429 3202 490 3239 non
504 3188 581 3240 sunt

121 3262 225 3320 Credo.

122 3343 316 3418 offertorium.

120 3425 236 3482 Anima
248 3430 351 3482 nostre
364 3423 440 3482 sicut
458 3444 557 3501 passer
575 3430 676 3503 erepta
695 3431 741 3483 est
754 3424 790 3483 dc
810 3424 916 3501 laqueo
929 3421 1123 3483 venantium:
1144 3421 1267 3500 laqueus

64 3506 207 3564 nutritus
222 3511 276 3577 est,
291 3512 322 3563 et
335 3524 390 3562 nos
403 3505 521 3562 liberati
534 3525 645 3565 sumus.

120 3587 241 3646 Secreta.

121 3669 300 3726 Sanctorum
317 3673 437 3724 tuorum
452 3667 662 3725 Innocentium
683 3667 777 3740 nohis,
792 3686 966 3745 quaesumus,
983 3665 1119 3737 Domine,
1136 3664 1185 3742 pia
1204 3683 1265 3721 non

64 3750 136 3807 &sit
149 3749 254 3820 oratio,
270 3767 336 3824 quse
350 3754 381 3805 et
394 3768 516 3806 munera
529 3755 632 3809 nostre
645 3748 788 3822 conciliet,
804 3754 835 3807 et
848 3754 932 3806 tuam
945 3747 1030 3806 nobis
1050 3745 1265 3824 indulgentium

64 3838 174 3907 emper
187 3830 330 3888 obtineat.
374 3829 432 3886 Per
448 3829 618 3887 Dominum.

121 3910 272 3986 Praefatio
316 3910 394 3980 Quia
406 3929 460 3986 per
472 3911 626 3968 incarnati.
669 3908 934 3969 communicantes

123 3991 305 4051 Uortumnum.

123 4072 194 4131 Vox
208 4073 242 4130 in
255 4072 352 4130 Rama
372 4071 473 4131 audita
493 4078 547 4145 est,
562 4073 693 4150 ploratus
712 4079 744 4132 et
764 4071 905 4145 ululatus,
920 4069 1032 4129 Rachel
1052 4069 1170 4146 plorans
1191 4066 1266 4125 filios

65 4161 132 4212 uos
143 4154 241 4211 noluit
255 4153 407 4227 consolari,
420 4152 492 4230 quia
505 4173 566 4211 non
579 4159 658 4212 sunt.

125 4235 364 4294 Postwmmunio.

126 4314 246 4388 Votiva,
272 4315 410 4388 Domine,
436 4316 515 4375 dona
537 4315 727 4393 percepimus,
753 4334 819 4391 quae
844 4317 1012 4372 sanctorum
1034 4317 1154 4369 tuorum
1181 4310 1267 4369 nobis

64 4396 197 4454 ›reeibus
210 4405 241 4455 et
255 4397 407 4474 praesentis
420 4399 498 4471 vitae,
513 4417 689 4475 quaesumus,
704 4396 816 4473 pariter
829 4401 860 4454 et
879 4401 997 4454 aeternos
1016 4393 1115 4450 tribue
1136 4391 1268 4451 conferre

64 4474 234 4536 mhsidium.
277 4478 337 4537 Per
350 4478 520 4538 Dominum.
