2806 4920
431 289 480 355 In
501 288 556 355 die
577 287 709 356 Sancta
732 286 925 355 Trinitatis.
1216 293 1278 360 175

139 457 165 517 S
270 457 304 515 'n

78 466 294 598 &namt
307 539 394 596 beata
407 536 547 608 Trinitas,
563 535 668 595 Deitas
681 542 792 594 aeterna
804 537 924 613 pariter,
939 537 1104 613 coaequalis
1117 537 1211 613 gloria
1224 559 1230 595 :

79 621 163 679 Deus
188 619 321 691 Genitor,
343 618 444 678 Natus
466 619 593 695 genitia,
616 638 683 675 cum
707 637 788 676 asaro
812 617 976 676 Pneumata
999 637 1173 695 permanens
1195 639 1282 696 super

199 720 287 759 omne
307 699 386 777 quod
406 706 505 757 exstat
519 720 526 757 ε

79 783 196 852 Quibus
209 788 255 840 est
267 801 328 839 una
340 799 455 857 semper
467 779 615 850 voluntas,
629 786 660 836 et
673 799 692 836 a
704 799 736 837 se
749 778 932 856 discrepans*
945 779 1025 838 haud
1039 800 1171 856 unquam
1186 781 1281 858 tripli·

201 869 267 920 cata
324 881 419 920 mona.

77 944 109 1002 N
111 963 159 1002 am
172 882 407 1002 oonsntpsseins
420 962 490 1013 una,
504 960 566 999 nou
583 942 616 998 in
632 947 693 999 tres
713 941 793 999 Deos
813 941 917 1012 divisa,
939 942 1019 1019 quod
1038 942 1111 1000 fides
1131 942 1243 1002 fatetur
1263 965 1281 1001 a

200 1024 319 1082 Christo
333 1022 494 1081 orthodoxe
508 1022 595 1082 edita

79 1105 154 1163 Haec
166 1124 295 1182 namque
310 1104 396 1181 pellit
410 1103 525 1175 delicta,
540 1103 668 1180 patriam
686 1102 765 1161 cedit
783 1121 924 1174 serenam,
940 1123 999 1179 qua
1016 1103 1132 1162 dulcem
1147 1105 1281 1182 jubilant

199 1186 317 1262 agmina
331 1184 536 1262 symphoniam
549 1183 648 1242 caelica
661 1205 667 1242 :

76 1266 249 1325 Altithroni
263 1267 388 1343 vestigia
401 1266 559 1322 imitantur
572 1264 656 1322 stolis
670 1264 834 1334 candidata,
874 1259 883 1271 '

77 1347 321 1424 Oporiunturque
334 1347 419 1404 binas
433 1366 506 1423 quas
519 1351 641 1423 captant
654 1351 721 1423 post
734 1346 812 1403 saecli
825 1344 1005 1404 discrimina.

78 1429 120 1486 Et
133 1447 196 1501 nos,
211 1448 285 1505 quos
298 1427 430 1486 illustrat
442 1427 539 1504 gratia
553 1427 612 1485 Dei
624 1445 739 1503 supera,
754 1426 857 1484 demus
869 1433 970 1483 nostra
983 1427 1084 1485 debita
1095 1447 1104 1500 ;

77 1509 227 1579 Quatinus
240 1515 358 1567 caterva
371 1508 469 1566 caelica
482 1508 567 1565 nobis
580 1512 700 1565 maneat
712 1514 779 1584 post
792 1507 897 1564 funera
909 1508 995 1578 socia,

76 1590 254 1667 Ultimaque
267 1596 334 1666 post
347 1596 414 1647 acta
426 1589 596 1647 discrimina
609 1589 754 1666 possimus
767 1589 829 1645 alta
842 1587 953 1664 pertrui
967 1608 1037 1647 mox
1050 1588 1191 1664 palatia‚†

75 1671 144 1741 Quo
157 1671 310 1748 perspicua
322 1670 428 1748 flagrat
441 1668 495 1726 lux
508 1689 628 1727 aceensa
641 1669 789 1727 constanti
806 1668 933 1739 flamma,
954 1688 1019 1745 quse
1041 1669 1123 1727 Deus
1136 1678 1190 1741 est,
1206 1672 1281 1728 risio

197 1758 343 1809 nostrast
356 1751 436 1809 salus
449 1757 578 1808 aeterna:

75 1831 263 1909 Angelorum
276 1852 341 1910 quae
354 1832 486 1890 illustrat
499 1831 617 1889 fortiter
630 1837 756 1908 pectore,

77 1914 125 1972 Ut
138 1915 172 1970 in
188 1913 306 1972 Christo
320 1913 382 1971 solo
396 1933 450 1970 sua
463 1912 592 1989 defigant
605 1911 727 1969 lumina.

75 1994 154 2052 Hire
167 2013 294 2072 namque
307 2001 352 2052 est
365 1993 431 2052 sitis
445 1993 497 2051 illa
510 1993 644 2070 flagrans,
658 2012 717 2068 qua
727 1999 800 2051 tunc
812 1992 916 2051 sitient
929 1992 1035 2050 animae
1049 2000 1219 2052 sanctorum
1232 1996 1280 2052 vel

75 2156 155 2215 Cum
168 2094 364 2214 fuiorfftiita
376 2162 517 2233 perpetua
531 2143 640 2232 eis'pro
654 2155 740 2213 bouis
753 2174 771 2212 a
780 2155 881 2231 judica
893 2156 1021 2232 praemia

138 2285 305 2344 &windam
325 2285 490 2347 Jonannsm
510 2284 572 2361 (iii.
591 2284 685 2364 1-15)

138 2366 178 2423 In
191 2366 244 2424 illo
257 2373 396 2444 tempore,
412 2367 486 2424 Erat
499 2366 587 2423 homo
605 2386 643 2423 ex
663 2365 827 2437 Pharisaeis,
848 2365 1028 2424 Nicodamus
1049 2368 1169 2426 nomine
1191 2389 1280 2445 nsque

75 2448 118 2505 ad
131 2448 277 2587 sgirpdnpnis
290 2448 343 2524 qui
356 2447 449 2507 credit
462 2447 492 2504 in
507 2448 605 2524 ipsum
619 2465 680 2505 nou
693 2453 802 2523 pereat,
816 2447 867 2505 sed
887 2447 995 2506 habeat
1015 2449 1109 2506 vitam
1129 2458 1277 2508 aternam.

138 2633 378 2774 &maisit
395 2715 478 2773 Deus
498 2714 597 2787 Pater,
613 2714 854 2790 Unigenitusque
874 2713 933 2771 Dei
953 2714 1056 2786 Filius,
1073 2716 1198 2776 Sanctus
1212 2738 1281 2794 que

72 2815 133 2873 que
148 2795 285 2873 Spiritus,
300 2797 371 2874 quia
383 2795 453 2855 fecit
466 2796 619 2854 nobiscum
632 2795 861 2854 misericordiam
875 2815 966 2854 suam.

136 2900 260 2960 Secreta.

138 2982 303 3055 Sauctificn,
318 3002 495 3058 quaesumus,
510 2981 638 3040 Domine
652 2982 743 3055 Deus,
762 2981 893 3040 Trinitas
912 2989 1023 3054 sancta,
1041 3002 1094 3059 per
1113 2984 1161 3041 tui
1184 2987 1279 3042 sancti

75 3064 207 3122 nominis
231 3063 447 3122 invocationem
471 3070 502 3121 et
522 3083 575 3140 per
594 3064 752 3140 Unigeniti
772 3064 819 3120 tui
839 3064 990 3136 virtutem,
1012 3063 1102 3140 hujus
1122 3064 1280 3122 oblationis

73 3145 222 3203 hostiam:
244 3151 275 3202 et
292 3151 475 3222 cooperante
489 3144 602 3222 Spiritu
618 3144 735 3218 Sancto,
750 3164 802 3221 per
817 3164 881 3202 eam
898 3145 1091 3221 nosmetipsos
1105 3145 1162 3202 tibi
1175 3147 1279 3223 perfice

74 3245 186 3282 munus
200 3231 350 3283 aternum.
394 3224 455 3296 Qui
467 3226 546 3283 vivis
559 3233 590 3283 et
603 3245 714 3302 regnas.

138 3328 290 3406 Proesatio.

139 3411 200 3482 Qui
213 3432 282 3469 cum
295 3411 468 3489 Unigenito.

137 3491 211 3551 Hoec
223 3491 367 3570 Prnfotio
379 3493 490 3551 dicitur
502 3492 636 3552 omnibns
650 3491 815 3551 Dominicis
827 3512 916 3568 nsqsn
930 3495 970 3550 nd
983 3492 1149 3552 Adrastum
1162 3495 1281 3569 picando

74 3573 112 3631 de
124 3572 285 3632 Dominico
297 3574 407 3650 spitus,
421 3573 494 3632 etin
507 3574 771 3633 connumeratione
784 3572 895 3632 Sancto
911 3574 1074 3646 Trinitatis,
1090 3584 1116 3633 et
1132 3575 1166 3632 in
1181 3574 1283 3633 Missis

76 3653 275 3731 Spmaaltm

141 3758 324 3820 Cornmnnio.

139 3841 345 3900 Benedicimus
359 3842 458 3900 Deum
475 3841 557 3899 eseli:
579 3848 609 3900 et
623 3860 720 3899 coram
733 3841 870 3899 omnibus
884 3840 1055 3899 niventibus
1075 3841 1280 3900 confitebimur

75 3922 106 3981 ei
119 3943 126 3980 :
147 3922 219 3999 quia
231 3921 301 3981 iecit
314 3923 466 3981 nobiscum
480 3922 709 3980 miserioonlium
723 3941 815 3981 suam.

139 4028 383 4087 Postcommnnio.

138 4109 279 4167 Proficiat
296 4109 381 4168 nobis
394 4108 432 4167 ad
446 4110 571 4167 salutem
585 4107 714 4185 corporis
727 4114 757 4165 et
771 4108 885 4179 animae,
901 4108 992 4177 Deus,
1003 4108 1093 4184 hujus
1106 4108 1280 4166 sacramenti

74 4191 233 4267 susceptio,
244 4196 275 4248 et
287 4191 473 4267 sempiternae
487 4197 594 4248 sanctae
605 4189 762 4247 Trinitatis
772 4189 960 4265 ejusdemquo
970 4189 1132 4247 individuae
1143 4188 1280 4248 Unitatis

74 4271 228 4331 centenno.
270 4270 309 4329 In
322 4290 382 4348 qua
395 4272 473 4329 vivis
487 4277 517 4330 et
530 4291 641 4348 regnas.

345 4441 358 4465 ¹
374 4440 575 4501 Est-discrepat.
759 4440 772 4500 †
788 4438 912 4485 nu-atn
921 4436 1016 4498 palatio.
