2804 4920
362 307 460 374 resto
484 306 636 374 Octobris.
1037 313 1103 377 333

81 474 193 532 arcem*

81 574 286 633 aqnaesumus,
305 555 444 626 Domine,
466 575 588 614 munera
609 574 674 632 quae
693 555 725 612 in
746 556 840 614 sancti
861 557 942 615 Piati
961 558 1103 634 martyris

81 637 175 694 nitate
195 635 360 707 deferimus,
385 644 419 695 ut
447 639 531 712 cujus
560 653 646 712 grata
672 643 744 695 sunt
775 639 898 710 meritis,
925 640 989 714 ejus
1015 639 1101 697 nobis

81 737 110 776 re
130 717 259 775 salubria
280 718 449 775 consistant.
493 717 558 775 Per.

84 799 141 857 nio.
183 798 341 857 Justorunr
355 799 470 857 animae.

82 880 201 937 anaunia.

90 970 273 1019 sacramento
284 961 478 1037 reparationis
488 960 633 1029 humanae,
646 967 761 1037 praesta,
773 980 949 1038 quaesumus,
962 963 1100 1037 Domine,

81 1062 144 1119 quae
161 1042 247 1100 nobis
261 1062 383 1100 munere
401 1042 533 1118 dignaris
555 1042 684 1118 pnobcre
706 1041 824 1112 caelesti,
840 1062 893 1119 per
913 1043 976 1102 lraec
997 1046 1098 1104 cadem

81 1124 112 1181 »is
125 1123 268 1181 inhaerere
281 1123 453 1182 calcatibus
497 1122 556 1179 Per
569 1122 741 1181 Dominum.

81 1205 308 1263 ›summania'r

99 1286 169 1343 vita
190 1294 316 1356 aeternae,
339 1284 475 1357 Domine,
496 1284 644 1360 capientes
665 1284 820 1344 humiliter
841 1284 1039 1363 imploramus,
1064 1297 1100 1347 ut

81 1367 87 1424 i
107 1368 246 1442 martyris
259 1367 306 1425 tui
318 1366 388 1423 sulti
403 1366 582 1442 patrociniis,
599 1366 678 1442 quod
698 1367 729 1422 in
743 1366 871 1444 imagine
891 1358 1099 1446 contingimus,

89 1448 246 1506 manifesta
259 1448 484 1524 participatione
498 1466 656 1504 sumamus.
699 1446 765 1504 Per.

84 1634 182 1691 Frsro
203 1648 312 1691 smcrr
332 1631 462 1704 Tironis,
485 1647 692 1689 courrasonrs.
736 1632 786 1710 (vi.
802 1632 881 1690 Non.
899 1635 978 1713 Oct.)

83 1753 148 1868 inus
168 1831 268 1868 onmes
287 1810 320 1866 in
341 1809 471 1867 Domino
490 1808 569 1866 diem
589 1809 698 1867 festum
717 1810 896 1870 celebrantes
915 1814 971 1871 sub
987 1813 1097 1874 honoro

82 1913 125 2030 ngr
136 1892 292 1986 pontificis,
308 1891 344 1949 de
358 1892 441 1968 cujus
455 1889 654 1948 sollemnitate
671 1892 803 1967 gaudent
815 1893 913 1970 angeli
925 1902 957 1952 et
971 1894 1096 1954 collaud-

83 2076 104 2112 8·
124 1993 157 2030 cl.

82 2158 88 2192 ε
109 2135 191 2193 Deua
210 2142 319 2204 noster,
334 2152 422 2210 quam
443 2132 617 2191 admirabile
631 2140 675 2192 eat
693 2153 800 2193 nomen
815 2141 900 2193 tuum
914 2135 946 2193 in
959 2138 1098 2197 universa

82 2297 224 2355 Conditor
238 2295 342 2372 Kyric.

82 2460 167 2517 ndanr
194 2459 283 2532 hujus
306 2457 365 2515 dici
391 2456 582 2515 festivitatem
610 2456 691 2514 beati
718 2458 865 2534 pontificis
897 2459 944 2517 tui
977 2461 1097 2519 Thomu»

90 2541 277 2609 celebrantes,
289 2537 433 2615 supplices
448 2546 478 2596 te
493 2539 621 2595 Domine
629 2538 827 2615 deprcarmur,
839 2547 873 2597 ut
887 2542 951 2616 ejus
964 2542 1097 2618 precibus

82 2643 104 2679 ae
115 2628 263 2679 consortes
276 2622 376 2695 gloriae
391 2620 464 2677 effici
480 2639 651 2676 mereamur.
694 2619 760 2677 Pcr.

82 2703 136 2761 ibri
148 2702 305 2777 ›t‘rrpierrlr'w
319 2701 533 2777 (lr'ccleaiurtici
545 2700 611 2757 mliv.
631 2701 745 2776 2033).

82 2804 110 2840 nr
140 2802 263 2860 magnus
289 2789 374 2858 pater
400 2802 490 2857 usqne
517 2782 558 2838 ml
581 2801 600 2838 a
622 2781 744 2838 flumine
772 2801 864 2857 usquc
891 2783 928 2839 acl
955 2783 1097 2841 terminos

82 3025 181 3084 cardos
196 3045 324 3103 magnus,
340 3023 392 3100 qui
406 3023 438 3079 in
452 3022 555 3080 diabus
569 3023 630 3080 suis
643 3021 755 3100 placuit
769 3023 842 3081 Deo.

83 3148 84 3157 η
98 3109 239 3165 inventus
253 3106 357 3163 similis
371 3105 424 3173 illi,
436 3104 488 3179 qui
501 3113 688 3161 conservaret
702 3105 794 3181 legem
808 3105 933 3163 Excelsi.

83 3210 104 3245 a.
155 3188 185 3245 l'.
208 3187 252 3244 Tu
274 3187 363 3263 stirps
383 3187 522 3261 praeclara
546 3205 627 3241 sacru
651 3185 722 3255 vita,
745 3186 869 3243 scicntia
889 3187 976 3261 clara,
998 3189 1098 3266 ponti-

86 3269 145 3326 duc
158 3288 212 3327 nos
232 3268 269 3326 ad
282 3267 403 3344 praemia
418 3287 493 3324 rara.

83 3372 118 3409 ru.

244 3429 361 3507 Magum
375 3428 470 3486 lucem
485 3427 625 3499 caritatis,

244 3510 330 3568 Mirae
345 3509 449 3568 ducem
462 3510 606 3573 ueritatis,

284 3590 449 3649 Hominem
469 3591 635 3666 angelicum

245 3670 454 3730 collaudantes
467 3690 650 3739 veneremur,

244 3753 407 3830 Operantes
421 3752 582 3823 imitemur,

284 3834 428 3892 Thomam
442 3832 643 3909 apostolicum.

246 3912 292 3972 Ob
305 3934 435 3972 amorem
449 3914 634 3990 paupertatis

286 3995 464 4072 Apostolum
479 3995 613 4071 sequitur
627 4015 633 4063 ;

245 4075 291 4134 Ob
305 4075 450 4134 servorem
470 4077 603 4132 carimtis

284 4155 414 4233 Martyn'
428 4157 626 4233 conjungitur.

83 4283 214 4331 lunaribus
231 4284 331 4341 nostris,
341 4298 487 4342 qumaunms,
499 4284 608 4331 Domino.
621 4282 777 4343 precibuapu·
789 4282 916 4343 srrscaptis,
926 4285 950 4327 ct
962 4282 1098 4329 calcatibus

83 4343 181 4402 ute-riis,
190 4346 215 4388 at
224 4342 351 4389 clamanter
360 4344 455 4389 exaudi.
487 4343 540 4388 l‘or.

83 4410 113 4460 la,
133 4416 281 4461 quaeamus,
302 4402 402 4448 Donnnc
424 4402 492 4448 noun
512 4409 599 4454 nostor.
621 4407 647 4447 ut
673 4402 735 4447 sicut
760 4401 823 4445 boati
845 4400 907 4447 Piati
926 4403 1041 4462 martyris
1063 4404 1098 4450 tui

83 4478 116 4510 mc
127 4462 254 4522 tcmpornli
264 4462 415 4521 gratulamur
425 4462 509 4518 officio,
520 4462 552 4506 itu
564 4471 678 4521 pcrpcluo
694 4462 801 4506 latemur
811 4459 856 4508 nnc
864 4466 904 4506 :tn
936 4461 990 4507 l'cr.
