2804 4920
575 327 695 394 Canon
716 327 836 394 Missoe.

889 435 903 467 ι

159 641 220 699 Hic
233 642 352 700 inclinet
366 663 393 700 se
407 642 546 700 Sacerdos
560 643 601 699 acl
614 641 724 714 rillaco,
733 642 849 718 junctis
862 643 1007 712 orionibus,
1023 643 1144 701 dicendo
1154 667 1164 702 .·

160 738 214 795 TE
248 738 414 809 1G1TUR,
443 739 669 797 clementissime
693 738 793 810 Pater,
818 758 870 814 per
888 739 994 796 Jcsum
1019 739 1171 797 Christum
1196 741 1309 799 Filium

93 841 187 892 tuum
208 835 373 893 Dominum
393 843 537 909 nostrum,
560 836 704 913 supplices
725 856 862 912 rogamus
882 856 915 893 ac
936 837 1073 914 petimus,

160 933 221 991 llic
235 934 379 991 osculetur
391 934 503 1005 dhare,
518 944 544 992 et
558 935 650 1009 criyat
664 955 692 992 se
706 935 847 992 eluendo:

95 1028 146 1085 uti
166 1036 288 1106 accepte
308 1030 415 1088 habeas
436 1038 467 1088 et
488 1031 651 1101 benedicas,

161 1127 262 1202 δίψιοι
277 1127 401 1187 Calicem
416 1137 459 1186 ter
468 1153 478 1187 .-

94 1222 295 1304 haecffldona,
314 1223 556 1305 haeefflmunera
576 1223 789 1305 hrecfflsancta
809 1224 952 1282 sacrificia
972 1225 1104 1283 illibata:

162 1324 247 1380 Peene
260 1325 352 1398 criqet
366 1344 484 1381 aureum
498 1322 624 1393 trocleis,
641 1333 666 1380 el
680 1324 780 1380 dicut:

96 1420 139 1478 In
159 1420 264 1496 primis
284 1441 350 1497 quae
371 1421 429 1477 tibi
445 1422 595 1478 offerimus
615 1440 668 1497 pro
683 1419 815 1478 Ecclesia
835 1427 889 1477 tua
908 1428 1011 1477 sancto
1025 1419 1196 1493 Catholica3
1216 1442 1308 1498 quarn

94 1518 262 1594 pacificare,
286 1519 444 1590 custodire,
465 1519 604 1589 adunare,
630 1523 660 1575 et
683 1537 784 1594 regere
808 1517 937 1593 digneris
960 1523 1026 1574 toto
1047 1518 1118 1575 orbe
1141 1523 1310 1578 terrarum}

95 1634 160 1671 rma
179 1634 247 1672 eum
267 1614 380 1672 famulo
400 1621 454 1672 tuo
476 1616 558 1692 Papa
582 1621 684 1672 nostro
706 1615 745 1672 N.
768 1622 800 1671 et
822 1614 969 1671 Antistite
990 1621 1090 1671 nostro
1110 1614 1149 1672 N.
1174 1622 1205 1673 et
1225 1616 1307 1694 Rege

93 1719 201 1769 nostro
223 1711 261 1770 N.
287 1719 318 1769 et
341 1712 480 1770 omnibus
504 1712 684 1782 orthodoxis,
706 1719 797 1788 atque
820 1710 970 1768 catholica
995 1718 1026 1769 et
1045 1712 1211 1788 apostolicae
1236 1714 1305 1772 fidei

92 1802 271 1867 cultoribus.
317 1796 321 1802 ⁵
1100 1799 1102 1803 Ι

159 1906 323 1979 Memento,
345 1907 484 1978 Domine,
505 1906 685 1964 famulorum
704 1906 941 1983 famularumque
963 1913 1091 1978 tuarum,

160 2002 194 2060 H
195 2005 220 2062 ic
234 2015 292 2062 oret
300 2025 358 2081 pro
373 2005 445 2061 eneis
458 2004 492 2060 iu
506 2004 588 2061 eorda
602 2024 663 2076 sue,
679 2013 704 2062 ct
713 2013 814 2080 postca
828 2005 907 2062 dicet
920 2025 930 2061 .·

90 2110 127 2158 et
157 2103 292 2158 omnium
320 2101 586 2172 circumstantium,
616 2120 742 2177 quorum
766 2100 825 2157 tibi
852 2101 924 2158 fides
952 2102 1070 2178 cognita
1097 2107 1152 2171 est,
1174 2109 1205 2160 et
1232 2109 1304 2160 nota

89 2200 234 2257 devotio:
256 2220 310 2276 pro
329 2200 437 2276 quibus
454 2200 510 2255 tibi
529 2199 687 2271 offerimus,
703 2199 751 2256 vel
768 2199 820 2274 qui
840 2199 896 2256 tibi
917 2201 1046 2257 offerunt
1060 2200 1114 2257 hoc
1128 2202 1304 2259 sacrificium

89 2297 202 2368 laudis,
226 2317 281 2374 pro
305 2317 344 2368 se,
367 2298 484 2373 suisque
512 2297 658 2369 omnibuS,
682 2316 736 2373 pro
763 2296 964 2372 redemptione
984 2298 1151 2355 animarum
1172 2319 1307 2372 suarum,

91 2414 151 2471 pro
172 2413 224 2470 spe
248 2393 353 2451 salutis
373 2401 404 2451 et
423 2393 639 2451 incolumitatis
659 2413 737 2450 suae:
759 2393 873 2468 tibique
893 2392 1021 2450 reddunt
1035 2400 1105 2451 vota
1121 2414 1175 2451 sua
1193 2402 1304 2453 aeterno

93 2491 173 2562 Deo,
191 2490 259 2548 vivo
273 2497 304 2547 et
317 2510 395 2548 vero.

158 2587 427 2658 Communicuntes,
439 2594 470 2645 ct
483 2589 655 2646 memoriam
664 2595 839 2646 venerantes
849 2610 855 2645 :
880 2589 919 2646 In
930 2590 1033 2665 primis
1043 2591 1178 2666 gloriosae
1188 2612 1305 2669 semper

92 2685 222 2762 virginis
247 2685 363 2757 Muriee,
384 2686 542 2762 genetricis
563 2685 621 2743 Dei
642 2692 673 2743 et
694 2685 818 2743 Domini
838 2688 933 2743 nostri
949 2687 1024 2744 Jesu
1039 2687 1170 2746 Christi:
1196 2690 1253 2748 Sed
1274 2698 1304 2749 et

90 2785 249 2841 beatonrm
271 2782 470 2859 apostolorum
491 2804 525 2841 ac
546 2790 711 2860 martyrum
732 2791 862 2856 tuorum,
878 2783 969 2856 Petri,
986 2784 1082 2859 Pauli,
1100 2787 1238 2858 Andrccu,
1254 2788 1305 2846 Ja-

89 2881 169 2952 cobi‚
188 2881 210 2938 J
212 2879 348 2952 ohannis,
368 2881 482 2953 Jacobi,
499 2881 520 2939 J
522 2881 635 2954 oannis,
651 2881 779 2950 Thomae,
793 2882 815 2939 J
816 2882 906 2954 acobi,
923 2882 1064 2960 Philippi,
1081 2885 1301 2960 Bartholomaei,

91 2977 244 3051 Matthaei,
270 2977 408 3050 Simonis
431 2986 461 3036 et
482 2979 641 3036 Thuddaei:
673 2979 751 3051 Lini,
768 2978 853 3051 Clcti,
871 2980 1040 3053 Clementis,
1056 2982 1144 3054 Sixti,
1162 2983 1300 3059 Cornelii,

90 3076 246 3153 Cypriani,
262 3075 428 3147 Laurentii,
442 3075 634 3153 Chrysogoni,
649 3076 670 3134 J
673 3076 797 3133 ohannis
811 3081 841 3134 et
858 3076 953 3150 Pauli,
970 3078 1082 3136 Cosmae
1097 3087 1128 3137 et
1142 3081 1305 3141 Damianic

88 3183 124 3232 et
144 3175 280 3232 omnium
294 3176 472 3232 Sanctorum
491 3182 630 3233 tuorum:
655 3194 782 3250 quorum
803 3176 917 3233 meritis
935 3177 1128 3253 precibusque
1150 3181 1300 3254 concedas,

90 3280 129 3328 ut
143 3272 176 3328 in
190 3271 329 3329 omnibus
342 3272 534 3349 protectionis
548 3280 608 3328 tnae
622 3258 793 3328 muniamur
803 3272 923 3330 auxilio.
944 3273 1002 3331 Per
1013 3275 1138 3332 eundem
1149 3276 1301 3336 Christum

93 3369 259 3453 Dominum
274 3375 419 3427 nostrum.
466 3371 574 3426 Arnen.

153 3464 215 3524 Hie
227 3466 348 3524 inclinet
363 3488 390 3523 ee
401 3487 511 3541 purum
524 3486 623 3523 cereres
636 3465 782 3538 Hostiam,
798 3467 895 3524 dicens
904 3492 914 3527 .·

154 3565 245 3624 Hanc
259 3565 355 3642 igitur
368 3565 547 3622 oblationem
561 3564 715 3622 servitutis
728 3572 845 3636 nostre,
861 3564 911 3622 sed
926 3570 956 3622 et
971 3573 1084 3625 cunetae
1097 3568 1216 3626 familis
1231 3576 1300 3643 tuae,

92 3681 271 3742 quaesumus,
282 3662 421 3734 Domine,
431 3668 466 3720 nt
478 3663 611 3740 placatus
625 3663 765 3739 accipias:
782 3662 903 3738 diesque
916 3670 1033 3721 nostros
1046 3665 1078 3721 in
1093 3672 1146 3722 tue
1159 3686 1229 3742 paee
1243 3668 1300 3724 dis-

93 3778 195 3834 ponas,
211 3766 302 3837 atque
323 3760 361 3817 ab
382 3766 493 3816 aeterna
513 3759 703 3816 damnatione
723 3778 776 3815 nos
796 3759 879 3834 eripi,
896 3766 926 3816 et
946 3760 977 3816 in
999 3761 1158 3819 electorum
1181 3770 1300 3821 tuorum

90 3856 195 3928 jubeas
208 3877 296 3934 grege
310 3856 468 3914 numerari.
513 3856 572 3912 Per
586 3855 737 3912 Christum
752 3856 917 3912 Dominum
929 3865 1071 3916 nostrum.
1117 3860 1223 3920 Amen.

155 3953 251 4023 Quam
271 3954 455 4011 oblationem
476 3959 510 4009 tu
533 3953 615 4009 Deus
637 3952 668 4008 in
689 3953 834 4020 omnibus,
856 3973 1033 4029 quaesumus,

153 4049 187 4106 11
188 4052 212 4110 ic
217 4052 319 4128 saci-et
335 4062 392 4109 tres
406 4072 503 4109 mucce
516 4072 609 4126 serpes
625 4050 762 4124 Calicem,
777 4051 920 4109 dicendo:

92 4147 327 4230 hene>1<dictam‚
356 4147 586 4227 adscn'pffltum,
615 4146 761 4228 1·a›1‹tam,
787 4149 1003 4224 rationabilem,
1033 4154 1303 4232 acceptabilemque

91 4246 186 4304 secere
206 4247 357 4326 digneris:
389 4253 423 4304 ut
444 4247 529 4304 nobis
636 4263 642 4271 ·

152 4342 316 4420 Hicseciut
331 4363 444 4403 erucem
458 4364 545 4420 super
558 4342 704 4414 Hostiam,
720 4343 836 4402 diceres:

92 4436 237 4520 suppus
