2804 4920
153 322 195 386 68
521 316 624 383 Hodoi.
639 315 685 382 ie.
702 314 977 402 Qvod-iupenaeoe.

213 484 454 544 Postoommonio.

213 566 355 642 Sumptis,
374 565 510 636 Domine,
527 563 719 623 sacramentis
741 564 779 621 ad
800 563 1011 641 redemptionis
1033 570 1161 639 eternae,
1176 584 1355 642 quesumus,

151 647 339 725 proficiamus
360 653 560 723 augmentum.
614 644 674 704 Per
696 644 868 703 Dominum.

212 744 308 819 Super
327 742 476 819 populum.

213 824 457 901 Deprecationem
480 827 619 895 nostram,
639 841 815 897 quesumus,
837 821 974 894 Domine,
997 822 1145 901 benignus
1166 823 1302 883 exaudi:
1329 832 1358 881 et

153 906 260 1045 {uibus
274 904 458 981 supplicandi
472 910 594 980 praestas
611 903 758 975 affectum,
775 903 874 960 tribue
895 902 1071 961 defensionis
1091 902 1253 963 auxilinm.
1303 904 1360 963 Per

185 1004 324 1045 ominum.

631 1108 732 1167 Fran
751 1106 877 1166 Terris.

218 1224 358 1301 Officium.

217 1306 345 1375 Exaudi,
374 1304 465 1376 Deus,
490 1303 652 1361 orationem
679 1322 784 1376 meam,
807 1309 838 1361 et
865 1323 903 1362 ne
930 1303 1097 1382 despexeris
1123 1304 1363 1383 deprecationem

156 1407 252 1447 meam
265 1408 273 1445 ι
295 1385 417 1444 intende
431 1385 463 1441 in
477 1404 525 1442 me
538 1390 569 1442 et
582 1383 691 1442 exaudi
704 1403 758 1443 me.

161 1646 169 1661 .
195 1484 420 1660 533&inss
433 1582 498 1620 sum
510 1562 543 1620 iu
558 1561 769 1619 exercitatione
784 1581 869 1620 mea:
898 1569 929 1621 et
950 1564 1145 1623 conturbatus
1165 1584 1237 1625 sum
1255 1585 1277 1625 a
1296 1584 1365 1625 voce

159 1665 332 1785 mlmtiidtio.

222 1807 320 1901 Sacrae
338 1807 431 1879 nobis,
451 1824 626 1883 quaesumus,
645 1803 783 1876 Domine,
798 1804 1011 1900 οἱζερπξπίριιὶε
1026 1806 1143 1883 jejunia
1163 1814 1196 1866 et
1220 1808 1281 1886 pite
1303 1828 1367 1867 ocn-

161 1895 337 1948 rersatroms
370 1892 561 1965 augmentum
594 1891 625 1943 et
658 1891 718 1942 tuae
755 1892 976 1963 propitiationis
1010 1889 1187 1947 continuum
1222 1896 1367 1967 proestent

163 1970 318 2029 auxilium.
374 1968 433 2027 Per
453 1966 622 2024 Dominum.

226 2067 322 2125 Lectio
342 2066 410 2124 libri
429 2063 527 2121 andi
546 2062 652 2139 (mii.
676 2061 770 2139 7-14).

226 2148 266 2206 In
279 2147 381 2205 diebus
395 2145 462 2217 illis,
478 2145 607 2201 Locutus
621 2150 666 2201 est
687 2142 834 2201 Dominus
855 2144 893 2202 ad
915 2144 1049 2221 Moysen,
1064 2146 1183 2205 dicens:
1213 2146 1367 2207 Descende

166 2230 202 2288 de
215 2235 325 2299 monte,
340 2227 409 2303 quia
428 2225 559 2301 peccavit
578 2222 704 2300 populus
725 2232 802 2293 tuus,
821 2244 909 2302 quem
929 2227 1060 2286 eduxisti
1081 2227 1118 2286 de
1142 2235 1226 2287 terra
1238 2228 1368 2308 AEgypti

165 2330 256 2385 usquc
269 2310 310 2365 act
323 2308 511 2384 placatusque
525 2310 570 2362 est
579 2304 734 2377 Dominus,
746 2324 784 2362 nc
798 2305 907 2364 faceret
920 2306 1030 2365 malum
1045 2308 1124 2385 quod
1137 2308 1258 2369 loeutus
1271 2312 1368 2369 fuerat

166 2387 424 2527 mutiialffissum
437 2404 541 2458 suum3
561 2391 592 2443 et
605 2385 742 2443 misertus
755 2392 801 2443 est
813 2388 922 2463 populo
936 2408 989 2446 suo
1000 2389 1148 2448 Dominus
1158 2389 1244 2449 Deua
1257 2400 1365 2451 noster.

149 2616 152 2623 ¹
226 2513 362 2627 Exurge,
378 2546 514 2621 Domine,
537 2547 583 2605 fer
604 2565 689 2623 opem
713 2546 817 2606 nobis:
852 2555 882 2606 et
909 2548 1003 2607 libera
1028 2569 1083 2608 nos
1109 2557 1234 2629 propter
1260 2572 1368 2612 nomen

165 2638 319 2785 iiiuDeuS,
346 2711 466 2769 auribus
492 2709 601 2767 nostris
629 2708 817 2766 audivimus:
859 2715 956 2786 patres
986 2710 1081 2769 nostri
1111 2714 1368 2775 annuntiaverunt

165 2795 252 2855 nobis
265 2814 346 2872 opus,
362 2793 440 2870 quod
453 2798 590 2869 operatus
604 2810 634 2848 ee
647 2790 680 2847 in
693 2789 795 2848 diebus
809 2810 918 2863 eorum,
935 2798 965 2849 et
978 2792 1009 2850 in
1025 2793 1127 2851 diebus
1141 2795 1286 2872 antiquis

225 2891 393 2951 Secund-um
412 2888 577 2946 Johcmum
595 2886 661 2953 (eii.
679 2887 793 2963 14-31).

227 2973 267 3031 In
280 2971 332 3029 illo
346 2979 485 3046 tempore,
499 2969 569 3027 Jam
584 2968 632 3025 die
648 2968 723 3024 festo
740 2967 897 3039 mediante,
911 2969 1043 3027 ascendit
1055 2970 1078 3028 J
1079 2991 1145 3028 esus
1162 2972 1196 3029 in
1213 2972 1366 3051 templum.

167 3061 198 3114 et
211 3054 334 3111 docebat
347 3072 437 3125 aesque
450 3051 490 3107 ccl
504 3049 540 3106 de
553 3049 642 3106 turba
655 3056 755 3106 autem
768 3049 857 3107 multi
871 3051 1060 3107 erediderrurt
1073 3052 1105 3107 in
1119 3072 1196 3111 eum.
1359 3038 1363 3043 ¹

228 3133 421 3208 Offertorium.

226 3214 395 3289 Expectans
409 3209 562 3286 expectavi
576 3209 748 3279 Dominum,
765 3214 795 3266 et
808 3212 939 3287 respexit
952 3231 1018 3270 me:
1047 3219 1077 3271 et
1099 3214 1255 3273 exaudivit
1271 3216 1365 3293 depre-

166 3295 309 3355 cationem
323 3311 429 3363 meam,
444 3296 476 3347 et
489 3289 614 3347 immisit
627 3289 660 3345 in
673 3309 705 3346 os
718 3309 817 3347 meum
831 3294 978 3349 canticum
992 3313 1121 3351 notum:
1143 3295 1292 3372 hymnum
1305 3296 1364 3355 Deo

166 3382 275 3435 nostro.

228 3456 349 3515 Secreto.

229 3537 303 3594 Haec
323 3534 428 3604 hostia,
450 3551 625 3608 quesumus,
648 3532 783 3605 Domine,
808 3534 948 3592 emundet
972 3540 1073 3592 nostra
1094 3535 1212 3609 delicta,
1233 3544 1264 3598 et
1284 3538 1358 3597 saeri-

170 3620 268 3676 fioium
282 3615 485 3674 celebrandum
501 3615 686 3672 subditorum
700 3614 757 3671 tibi
770 3634 891 3691 corpora
909 3623 1080 3693 mentesque
1098 3619 1270 3677 sanctificet
1311 3619 1358 3676 Per

170 3699 340 3757 Dominum.

231 3777 412 3839 Garamante.

232 3859 413 3917 Laetnbiiuur
425 3858 457 3914 in
470 3857 594 3915 salutari
607 3865 677 3915 tuo:
698 3862 729 3913 et
743 3856 775 3914 in
788 3858 907 3915 nominc
929 3859 1052 3917 Domini
1073 3860 1132 3918 Dei
1151 3861 1247 3919 nostri
1260 3857 1356 3939 magni·

171 3942 332 4000 ficabimu1·.

233 4019 471 4080 Pasicommnm'o.

234 4103 336 4179 Hujus
356 4120 418 4171 nos,
435 4099 571 4171 Domine,
586 4099 734 4176 perceptio
756 4102 930 4159 sacramenti
952 4103 1075 4161 mundet
1097 4124 1116 4161 a
1137 4104 1268 4176 crimine,
1281 4107 1310 4161 et
1328 4096 1362 4155 td

173 4185 297 4246 calestia
310 4202 400 4260 regna
413 4181 561 4259 perducat.
604 4180 663 4238 Per
677 4180 845 4239 Dominum.

161 4282 164 4287 '
233 4279 328 4354 Super
343 4274 494 4352 populum.

235 4361 386 4429 Miserere,
419 4374 593 4433 quaesumus,
624 4353 760 4426 Domine,
788 4356 895 4434 populo
923 4363 984 4430 tuo,
1012 4364 1043 4416 et
1070 4359 1218 4417 continuis
1251 4346 1371 4417 tribula·

174 4442 307 4502 tionibus
320 4440 501 4498 laborantem
515 4435 661 4514 propitius
674 4436 816 4514 respirare
829 4439 959 4499 concede
1002 4439 1062 4499 Per
1078 4441 1250 4501 Dominum.
