2804 4920
539 293 635 359 Festo
656 294 818 381 Anpneti.
1218 303 1282 369 313

138 454 283 597 mia
295 459 331 518 de
345 470 444 520 sancto
460 459 607 520 rimato
621 471 648 521 et
658 462 856 540 Apollinare*

137 616 229 688 Deus,
241 583 309 698 ‘qui
341 640 396 681 nos
426 643 526 682 annno.
559 623 712 681 beatorum
739 632 906 702 martyrum
933 632 1053 685 tuorum
1083 628 1232 688 Timothei
1250 636 1282 689 et

70 697 260 774 Apollinaris
279 700 478 763 sollemnitate
496 703 635 777 letificas,
650 725 761 780 eorum,
775 726 952 784 quesumus,
965 708 1174 768 intercessione
1194 729 1283 788 super

69 797 129 836 nos
141 779 370 840 misericordiam
391 791 475 843 tunm
499 784 665 863 multiplico
678 805 687 859 ;
710 793 746 845 ut
765 806 893 864 quorum
906 788 1071 866 patrocinio
1083 790 1277 868 gratulamur,

69 859 165 918 etiem
178 867 327 939 perpetus
340 863 445 924 solutis
458 867 604 924 auxilium
617 867 717 925 edesse
730 868 900 926 sentiamus.
943 869 1009 928 Per.

134 952 277 1030 hene.
320 956 494 1018 Benedictio
508 959 640 1019 Domini

137 1033 271 1096 Gradole.
313 1038 423 1098 «Iustus
436 1046 472 1098 ut
486 1041 591 1118 palmo.

134 1113 449 1195 SiDominiccfuerit,
464 1122 613 1198 Alleluye
662 1121 691 1181 V.
715 1122 775 1181 Por
786 1142 899 1183 manus

134 1196 335 1273 Evanqelium.
379 1203 442 1277 Ego
455 1222 520 1261 sum
534 1203 612 1260 vitis.

134 1277 329 1363 offertorium.
373 1283 477 1342 Gloria
489 1290 520 1342 et
534 1284 652 1342 honore.

132 1361 253 1419 Semta.

131 1441 264 1519 Accepto.
283 1443 340 1502 tibi
361 1445 411 1519 sit,
428 1445 565 1519 Domine,
591 1452 699 1504 nostrae
720 1445 888 1506 devotionis
901 1446 1019 1521 oblatio,
1036 1456 1067 1506 et
1079 1448 1117 1507 nd
1135 1449 1274 1526 apostoli·

70 1540 136 1579 com
150 1523 283 1598 puriores
295 1544 348 1584 noe
362 1526 453 1586 sociat
465 1528 620 1606 pervenire
633 1527 837 1588 festivitatem.

131 1612 206 1673 Atia
216 1615 342 1677 Secreto.

130 1695 268 1769 Munere,
283 1696 422 1772 Domine,
437 1719 613 1776 quaesumus,
624 1720 677 1777 pro
688 1707 807 1758 tuorum
817 1703 1093 1761 commemoratione
1106 1710 1274 1762 sanctorum

68 1775 221 1835 Timothei
246 1784 277 1837 et
305 1780 489 1857 Apollinaris
516 1782 715 1840 sollemnitate
741 1782 841 1840 oblate
864 1783 1010 1860 propitius
1034 1784 1155 1861 precipe,
1177 1791 1207 1842 et
1225 1785 1274 1861 pin

67 1877 170 1915 eorum
184 1859 393 1920 intercessione
406 1863 444 1921 ad
458 1863 583 1920 sulutem
598 1863 682 1921 nobis
695 1870 868 1940 perpetuom
882 1864 1037 1940 provenire
1045 1866 1177 1925 concede.
1207 1865 1272 1925 Per.
1295 1868 1299 1876 '

128 1939 273 2015 Pmsatio
287 1943 470 2017 quotidiana.

129 2018 313 2082 Connnnnio.
356 2023 469 2102 Magna
482 2031 535 2083 est

127 2105 371 2166 Postcommunro.

127 2187 242 2245 Pmste
262 2187 357 2259 nobis,
373 2192 482 2244 selerne
501 2185 633 2264 largitor,
647 2193 678 2244 et
701 2185 811 2263 ubique
833 2186 883 2264 pin
896 2188 1010 2265 protegi
1031 2189 1172 2260 oratione,
1188 2190 1271 2267 cujus

63 2268 206 2327 natalitio.
227 2287 281 2345 per
302 2268 364 2326 haeo
382 2274 484 2326 snnote
507 2286 573 2344 quae
595 2267 773 2345 sumpsimus
795 2268 898 2325 votivo
911 2269 1108 2345 praevenimus
1121 2271 1267 2346 obsequio.

62 2348 130 2408 Per.

124 2429 201 2488 Atia
212 2429 457 2489 Postcommunio.

125 2511 289 2570 Beatomm
315 2518 480 2587 martyrum
517 2515 637 2567 tuorum
667 2509 817 2568 Timothei
845 2517 876 2568 et
903 2511 1097 2588 Apollinaris,
1126 2512 1264 2583 Domine,

61 2592 273 2651 intercessione
295 2592 437 2669 placatus,
458 2590 593 2660 concede,
610 2610 784 2666 qumsumus,
799 2597 835 2648 ut
848 2593 1024 2649 sacramenti
1036 2593 1083 2650 tui
1096 2593 1268 2651 venerande

59 2675 212 2752 perceptio
225 2674 279 2732 fint
292 2674 425 2732 omnium
438 2679 623 2750 peccatorum
638 2679 805 2730 nostrorum
817 2673 955 2731 remissio.
999 2672 1064 2733 Per.

459 2893 498 2950 In
519 2909 581 2950 nm.
626 2892 678 2969 (ix.
695 2892 765 2950 Kal.
783 2892 877 2972 Sept.)

120 3034 319 3174 (llrlem
364 3031 503 3110 Officium.
547 3032 627 3091 Mihi
647 3039 754 3091 nutem.

167 3125 236 3174 atto.

119 3196 319 3275 Omnipotens
332 3196 509 3272 sempiterne
520 3195 610 3266 Deus,
621 3194 674 3270 qui
686 3193 774 3271 hujus
788 3194 848 3252 diei
862 3193 1060 3252 venerandam
1073 3203 1263 3274 sanctamque

56 3278 197 3337 laetitinm
210 3277 293 3336 besti
306 3276 517 3335 Bartholomaei
533 3275 659 3353 apostoli
679 3276 724 3332 tui
745 3275 909 3332 festivitate
931 3275 1085 3348 tribuisti3
1111 3275 1149 3334 ds
1167 3277 1263 3336 Eccle

55 3360 107 3418 siae
121 3367 192 3430 tuse,
207 3378 384 3436 quoeeumue,
399 3364 430 3417 et
443 3377 542 3415 emere
560 3356 640 3434 quod
662 3356 795 3428 eredidit,
818 3362 849 3413 et
870 3356 1027 3433 predicere
1049 3357 1128 3433 quod
1150 3357 1258 3417 docuit.

56 3441 117 3499 Per
138 3440 312 3498 Dominum.

119 3533 265 3593 Memoria
277 3534 312 3591 de
325 3532 431 3591 Sancto
445 3532 594 3589 rludoeno.
642 3529 749 3589 Oratio.

116 3616 211 3688 Deus,
226 3613 279 3691 qui
291 3633 450 3691 perennem
469 3612 594 3689 gloriam
614 3611 792 3668 sanctissimi
811 3610 984 3669 confessoris
1003 3613 1049 3670 tui
1063 3618 1153 3689 utque
1166 3615 1261 3690 ponti-

115 3786 127 3809 ·
145 3783 201 3830 The
211 3780 265 3828 MS.
276 3781 346 3839 givos
356 3781 397 3827 the
408 3780 476 3826 Mass
486 3779 525 3824 ior
535 3778 580 3824 SS.
593 3778 709 3838 Timotlry
718 3779 766 3824 aud
777 3779 924 3838 Apollinaris
934 3780 1068 3840 srpsrntely
1076 3799 1113 3828 :-

353 3854 460 3915 Officinm.
492 3854 554 3899 Ecce
565 3853 634 3899 oculi.

352 3906 463 3960 Peelmnc.
495 3913 629 3958 Exsultate.

353 3972 441 4020 eratin
473 3971 547 4025 Deus,
558 3972 600 4030 qui
610 3986 655 4017 nos
665 3985 752 4029 annun,
762 3973 811 4030 hc,
823 3989 849 4018 ns
859 3975 882 4020 iu
892 3973 927 4019 tlte
937 3980 989 4021 test.

350 4031 461 4091 Epistola.
493 4031 630 4076 Metuentes
640 4031 776 4080 Dominum.

352 4091 459 4138 (haum.
490 4090 660 4136 Exsullabunt.

350 4150 468 4210 Alloluyn.
500 4150 530 4195 V.
548 4150 639 4194 ltoddct
650 4149 775 4195 Dominus

349 4209 503 4269 liconpdinnt
536 4208 715 4253 Sedentclesu.

351 4269 501 4329 offertor-hon.
533 4268 712 4314 Glorinbuntur.

348 4332 448 4376 Secreto
480 4327 590 4384 Munera,
600 4327 711 4384 Domine,
719 4327 768 4384 he,
778 4343 805 4373 ns
814 4328 838 4374 in
848 4327 884 4373 un
894 4333 948 4374 tert.

351 4387 486 4434 Cormrmnio.
518 4386 579 4431 Dico
589 4390 669 4430 nuum
679 4385 755 4431 uobis

345 4445 528 4494 Postconrmnnio.
560 4445 687 4492 Bentorum
697 4450 838 4507 mnrtprum,
847 4445 897 4505 tre,
907 4460 934 4492 as
943 4446 968 4494 tn
979 4447 1014 4493 tle
1024 4453 1076 4494 test.
