2804 4920
497 326 676 414 Suffragia
698 328 912 396 conmenta.
1240 337 1304 399 445

106 494 139 552 in
152 493 336 570 beneplacito
355 514 409 552 suo
429 493 587 571 disponat3
615 495 751 572 angelum
775 515 863 554 suum
886 496 1066 575 Raphaelem
1090 498 1123 555 in
1146 499 1201 558 hac
1224 519 1304 577 pere

105 573 279 653 grinatione.
288 580 341 632 tua
354 574 505 634 custodem
518 573 666 646 adhibeat,
680 576 732 652 qui
741 576 780 635 ad
793 576 857 635 loca
869 577 1034 637 desiderata
1043 597 1111 637 cum
1122 598 1193 656 pace
1206 586 1306 639 tecum

108 654 205 713 eundo
228 654 378 733 perducat,
392 662 504 714 etcum
518 655 614 714 salute
634 655 744 714 iterum
762 657 800 714 ad
820 677 874 717 nos
897 658 1045 718 redeundo
1063 659 1213 737 perducat.
1257 661 1305 720 Sit

107 735 307 795 interventrix
333 737 381 794 tui
406 736 495 796 beata
521 735 580 794 Dei
606 736 742 814 genetrix
763 736 862 796 Maria
881 758 949 798 cum
969 740 1115 799 universis
1133 741 1246 818 angelis
1273 751 1304 802 et

106 816 297 895 archangelis,
322 817 496 893 patriarchis
522 835 640 894 quoque
666 823 698 876 et
723 817 882 895 prophetie
935 819 1004 879 Sint
1030 820 1234 880 intercessores
1257 823 1305 882 tui

107 897 202 956 sancti
214 898 340 974 apostoli
360 896 470 956 Petrus
482 903 514 955 et
526 897 638 956 Paulus
658 917 726 956 cum
746 900 850 957 ceteris
870 901 1018 976 apostolis,
1033 901 1221 977 martyribus,
1237 923 1303 961 con-

106 977 273 1051 fessoribus,
291 984 323 1038 et
341 978 506 1056 virginibus
515 997 524 1050 3
556 978 766 1056 obtineamque
786 979 844 1036 tibi
863 980 957 1038 sancti
977 981 1031 1053 illi,
1048 1001 1174 1059 quorum
1197 984 1305 1060 quaeris

106 1058 256 1135 suffragia,
269 1077 337 1118 cum
357 1060 494 1117 omnibus
514 1057 631 1132 sanctis,
644 1060 728 1135 justa
744 1059 887 1119 desideria
906 1067 937 1119 ct
956 1062 1190 1139 prosperitatem,
1205 1065 1305 1123 remis·

107 1138 422 1279 sionanrqugpmnium
436 1146 623 1217 peccatorum
636 1145 668 1198 et
680 1139 773 1198 vitam
788 1147 936 1199 aternam
980 1142 1039 1201 Per
1052 1142 1213 1203 Christum.

210 1220 243 1278 io
298 1221 366 1278 atio.

166 1301 302 1379 Angelos
323 1300 447 1359 Domini
468 1301 563 1359 bonus
581 1300 739 1359 comitetur
759 1301 815 1359 tibi
835 1302 874 1359 ad
893 1302 1061 1379 dirigendos
1082 1304 1170 1381 pedes
1190 1311 1258 1364 tuos
1271 1307 1304 1364 in

107 1381 293 1520 mimi>
302 1387 337 1438 ut
355 1388 473 1459 peracto
493 1381 667 1440 obedientiae
689 1400 777 1440 cursu
798 1382 909 1441 iterum
929 1383 968 1442 ad
989 1403 1043 1442 nos
1064 1386 1222 1444 revertaris
1235 1406 1303 1445 cum

62 1494 67 1500 ·
146 1481 166 1521 u
198 1481 224 1520 o.
293 1481 332 1520 er.

109 1480 146 1540 μ
167 1542 217 1601 Ad
230 1542 451 1601 maniaticum
464 1561 560 1601 moes
567 1542 796 1619 percpi-inorata.

166 1622 295 1681 Domine
318 1629 426 1693 sancte,
451 1630 537 1699 pater
559 1624 753 1699 omnipotens,
781 1623 833 1699 qui
855 1624 976 1682 unicum
1000 1625 1113 1683 Filium
1136 1632 1223 1685 tuum
1246 1628 1304 1686 tibi

106 1709 294 1775 coaeternum,
306 1704 491 1780 coaequalem,
502 1703 842 1781 consubstantialemque
853 1723 907 1781 pro
915 1706 1037 1764 humani
1050 1709 1165 1782 generis
1178 1715 1305 1766 restaur-

105 1784 205 1843 atione
224 1783 326 1843 Sancti
346 1784 476 1861 Spiritus
496 1785 665 1861 operatione
685 1783 833 1842 incarnari
848 1786 989 1858 voluisti3
1009 1785 1229 1868 benevladicere
1243 1789 1304 1865 dig-

105 1884 178 1923 nare
189 1865 266 1923 hanc
279 1885 403 1938 crucem,
419 1871 450 1923 et
463 1872 571 1941 proesta
590 1884 643 1942 per
662 1865 880 1923 invocationem
901 1866 948 1924 tui
969 1868 1146 1926 sanctissimi
1165 1870 1304 1941 nominis,

106 1952 142 2004 ut
154 1947 322 2023 quicunque
334 1946 390 2004 hoc
403 1944 587 2023 signaculum
607 1965 696 2023 super
709 1965 740 2004 se
753 1946 899 2018 habuerit,
913 1954 973 2005 tuae
987 1948 1107 2024 pietatis
1121 1951 1304 2026 protectione

106 2028 239 2085 munitus
266 2027 396 2085 hostium
423 2026 585 2084 visibilium
613 2033 644 2084 et
670 2026 867 2086 invisibilium
893 2028 1130 2106 impugnationes
1164 2049 1303 2106 superare

106 2106 211 2181 valeat,
232 2114 320 2184 teque
340 2109 500 2165 miseraute
520 2114 582 2164 tam
602 2106 731 2184 corporis
751 2128 838 2185 quam
861 2109 966 2167 anirum
986 2109 1221 2168 incolumitatem
1241 2131 1304 2188 pcr-

106 2187 204 2267 cipiat
248 2189 307 2247 Per
320 2189 453 2248 eundem.
497 2187 536 2245 In
550 2188 667 2246 unitate
681 2188 821 2264 ejusdcm.

164 2268 279 2328 Deinde
298 2271 448 2345 imponens
468 2289 580 2327 cracem
599 2268 698 2328 dicct:
721 2270 833 2346 Accipe
853 2269 929 2329 lianc
949 2291 1064 2330 crucem
1084 2272 1202 2351 signum
1223 2291 1303 2350 pere·

106 2349 289 2428 grinationis.
331 2351 370 2408 In
384 2351 503 2408 nomine
516 2349 625 2420 Patris,
639 2360 665 2407 st
679 2359 777 2408 cetera.

286 2523 411 2581 Conraa
430 2539 596 2581 muscosas
611 2522 769 2581 Eccnnsm:
785 2540 823 2581 ur
841 2540 948 2583 araon
965 2524 1162 2586 Saumuami.

168 2603 276 2663 Oratio.

166 2685 301 2743 Concede
320 2685 414 2757 nobis,
429 2685 615 2762 omnipotens
635 2690 667 2742 et
686 2685 841 2743 mitissime
862 2685 951 2753 Deus,
965 2686 1044 2761 apud
1058 2704 1145 2761 quem
1163 2687 1247 2744 nulla
1260 2695 1306 2745 est

106 2765 267 2842 iniquitas,
287 2771 323 2823 ut
336 2765 389 2842 qui
401 2766 490 2841 hujus
503 2766 664 2823 sanctuarii
676 2765 724 2823 tui
737 2766 946 2842 possessionem
966 2765 1132 2843 diripiendo
1146 2767 1304 2840 invadunt,

104 2845 193 2905 celeri
206 2847 407 2905 satisfactione
420 2847 613 2924 corrigantur.
658 2845 716 2904 Pei·
730 2846 901 2904 Dominum.

166 3007 292 3066 Hostias
309 3007 374 3080 tibi,
389 3008 518 3066 Domine
538 3007 712 3085 placationis
732 3014 763 3065 et
784 3007 879 3065 laudis
899 3007 1058 3080 offerimus,
1072 3008 1256 3085 postulantes
1270 3014 1304 3066 ut

105 3106 179 3165 quos
205 3089 343 3147 ἱιιίιιιίοιιε
370 3090 406 3147 ad
434 3081 632 3148 invadendam
658 3088 820 3147 sanctuarii
846 3088 893 3145 tui
919 3090 1128 3166 possessionem
1154 3087 1305 3146 strodendo

105 3170 241 3242 attraxit,
255 3178 291 3228 tu
304 3170 469 3227 miserando
482 3169 618 3246 corrigas.
661 3169 720 3227 Per
734 3168 904 3226 Dominum.

167 3250 409 3309 Postcommunio.

166 3331 272 3390 Preces
292 3339 417 3403 nostras,
440 3351 617 3408 quaesumus,
643 3329 780 3400 Domine,
807 3329 940 3406 placatus
963 3330 1089 3404 exaudi;
1113 3337 1145 3388 et
1168 3332 1248 3408 quod
1268 3331 1305 3388 de

104 3411 234 3470 inimicis
247 3420 277 3470 at
291 3413 458 3490 raptoribus
472 3412 608 3471 Ecclesia
622 3417 682 3469 tuae
696 3417 805 3468 mnae
818 3410 1017 3486 deprecamur,
1032 3419 1179 3471 consuetae
1194 3413 1306 3471 miseri-

103 3492 211 3551 cordiae
225 3491 380 3552 velocitate
395 3495 532 3571 perlicere
545 3512 607 3551 non
620 3492 744 3551 desinas
789 3491 848 3548 Per
861 3491 1032 3551 Dominum.

546 3650 613 3710 Pao
634 3664 866 3710 rsmummosr.

167 3729 278 3791 Oratio.

165 3812 362 3890 Omnipotens
375 3809 553 3887 sempiterne
567 3813 658 3882 Deus,
669 3810 777 3870 exaudi
791 3830 845 3870 nos
858 3818 889 3869 et
902 3810 1039 3868 miserere
1048 3810 1153 3881 nostri,
1165 3811 1305 3887 quoniam

101 3892 289 3952 tribulamur
295 3915 302 3966 ;
324 3895 461 3951 liberast
474 3890 555 3967 eripe
573 3912 628 3949 nos
639 3892 675 3948 de
697 3891 834 3949 manibus
853 3891 1038 3948 inimicorum
1060 3896 1227 3948 nostrorum
1243 3898 1275 3949 ct
1287 3912 1307 3950 a

100 3975 347 4053 persequentibus
361 3993 415 4031 nos
425 3993 433 4044 ;
452 3978 484 4030 et
497 3978 613 4048 presta,
628 3978 664 4029 ut
684 3972 736 4047 qui
757 3980 787 4029 te
807 3972 979 4028 invocamus
998 3990 1058 4029 nou
1079 3970 1304 4043 confundamur,

96 4055 155 4115 sed
168 4062 223 4162 tua
237 4057 328 4134 magis
342 4074 456 4132 semper
468 4051 650 4131 protectione
664 4052 841 4109 muniamur.
885 4051 950 4109 Per.

165 4138 372 4291 isieicrcebblatio,
383 4216 518 4288 Domine,
530 4232 585 4291 pro
596 4211 788 4271 tribulatione
799 4230 859 4288 qua
866 4231 1034 4290 gravamur,
1044 4221 1129 4289 gmta
1137 4214 1194 4271 tibi
1206 4213 1309 4273 redda-

97 4307 165 4374 tur,
179 4306 269 4377 atque
282 4300 315 4356 in
328 4299 411 4394 omni
424 4295 563 4374 angustia
574 4292 735 4353 laetificatio
748 4292 873 4353 calestia
885 4292 970 4351 nobis
983 4300 1135 4371 augeatur.
1175 4295 1243 4354 Per.

164 4380 478 4538 imisigiimm,
491 4456 628 4531 Domine,
638 4463 675 4517 ut
687 4456 740 4534 qui
752 4452 839 4515 malis
851 4454 962 4516 nostris
974 4461 1007 4516 st
1019 4455 1136 4517 casibm
1148 4457 1308 4518 contrariis
