2804 4920
292 281 407 350 Misera
423 305 490 370 pro
510 282 697 371 Defuoctia

142 505 209 565 Pro
228 504 406 563 Farrarsos
427 519 466 562 rr
486 502 660 563 Soaoarsus
679 520 857 564 oswacrrs.

74 683 157 742 eniae
166 682 330 761 largitoret
342 682 479 740 humente
493 680 600 740 salutis
613 688 738 755 amator,
749 701 917 760 quaesumus
926 683 1101 743 inmensam

74 785 81 822 ι
102 773 195 836 tuam,
217 771 252 821 ut
272 771 440 822 nostrarum
460 765 720 841 congregationum
734 765 841 823 fratres
861 772 893 822 et
911 784 1033 836 sorores,
1048 767 1101 844 qui

74 845 130 903 ‚ulo
150 846 342 916 transierunt,
361 844 449 902 beata
466 844 566 902 Maria
586 864 702 922 semper
719 845 836 923 virgine
853 851 885 903 et
902 845 989 905 beato
1009 846 1101 905 Petro

74 946 118 984 uo
145 926 347 985 intercedente
376 944 444 984 cum
475 925 613 983 omnibus
643 926 755 984 sanctis
785 926 856 1000 tuis,
878 927 917 985 ad
951 937 1101 1007 perpetue

74 1007 284 1066 sconsortium
297 1007 452 1085 pervenire
465 1006 615 1064 concedas.
658 1006 723 1065 Per.

74 1171 150 1247 ,ujus
162 1168 371 1227 misericordie
386 1187 446 1225 non
467 1174 513 1227 est
532 1187 683 1240 numerus,
697 1168 813 1246 suscipe
832 1169 980 1246 propitius
1000 1190 1102 1248 preces

74 1291 76 1305 .
110 1256 229 1323 nostrae,
265 1255 297 1308 et
335 1249 491 1307 animabus
530 1249 658 1307 fratrum
693 1257 862 1307 nostrorum
900 1256 932 1309 et
968 1271 1102 1310 sororum

85 1331 354 1408 congregationum,
382 1330 490 1408 quibus
517 1330 564 1387 tui
594 1330 724 1387 nominis
747 1329 854 1388 dedisti
879 1332 1099 1405 consessionem,

74 1419 220 1471 crementa
234 1412 339 1470 salutis
354 1418 461 1469 nostrae
475 1419 650 1469 cunctorum
663 1411 762 1470 tribue
780 1412 984 1470 remissionem
1003 1432 1103 1490 pecca·

74 1514 107 1552 er
121 1493 292 1553 Dominum.
337 1493 396 1562 Qui
410 1500 517 1550 tecum

74 1575 202 1633 amanei).

74 1701 81 1727 ‚
100 1674 277 1733 quesumus,
297 1654 464 1712 misericors
482 1654 572 1726 Deus,
591 1659 628 1712 ut
647 1654 755 1712 animm
772 1653 899 1712 flauum
930 1661 1101 1714 nostrorum

74 1758 96 1794 n
127 1744 296 1795 nostrarum
324 1735 594 1812 congregationum,
621 1755 675 1812 pro
707 1734 815 1813 quibus
844 1734 899 1793 hoc
926 1737 1103 1795 sacrificium

81 1818 244 1876 obtulimus
257 1816 415 1893 majestati,
428 1835 480 1892 per
492 1815 582 1893 hujus
595 1816 738 1874 virtutem
754 1816 932 1875 sacramenti
945 1838 963 1875 a
977 1819 1103 1894 peccatis

74 1900 183 1976 xpiatae
206 1899 281 1956 lucis
301 1903 458 1975 perpetuae,
473 1903 504 1955 te
524 1897 692 1970 miserante,
716 1897 861 1975 recipiant
878 1898 1101 1958 beatitudinem.

74 2000 146 2039 rum

311 2146 379 2204 Pro
404 2144 687 2204 ersrrcroarsos.

74 2329 112 2383 re,
127 2327 305 2387 quaesumus,
320 2307 458 2379 Domine,
475 2306 630 2365 animabus
648 2308 782 2365 omnium
800 2309 1021 2367 benefactorum
1039 2329 1105 2369 nos·

74 2394 240 2449 functorum
247 2410 256 2462 ;
275 2397 307 2446 et
328 2408 382 2466 pro
395 2388 545 2447 beneficiis
558 2407 623 2466 quoe
636 2388 722 2445 nobis
735 2388 837 2466 largiti
858 2397 931 2448 sunt
953 2391 986 2449 in
1007 2392 1104 2464 terris,

74 2492 143 2529 erne
157 2479 375 2547 consequantur
384 2470 417 2527 in
431 2470 517 2530 caelia
559 2468 619 2527 Per
632 2467 806 2528 Dominum.

83 2551 101 2584 δ

74 2652 81 2691 t
103 2633 169 2705 tibi,
195 2631 331 2704 Domine,
355 2632 509 2710 praesentis
532 2630 667 2688 sacrificii
686 2631 806 2697 oblatio,
821 2651 875 2709 pro
894 2639 996 2690 nostra
1012 2634 1106 2691 omni·

74 2720 119 2772 ute
133 2714 360 2784 benefactorum,
371 2733 498 2789 quorum
506 2712 678 2770 memoriam
689 2712 808 2789 speciali
821 2714 928 2770 affectu
940 2713 1104 2786 recolimus,

74 2815 83 2852 s
100 2795 279 2853 Christianis
292 2794 371 2852 vivia
385 2800 416 2853 et
429 2793 576 2852 defunctis
589 2793 728 2851 miserere
741 2794 896 2870 propitiae.
938 2793 1004 2852 Per.

74 2876 227 2940 amaverat

81 2963 144 3026 tua,
154 2957 292 3029 Domine,
302 2975 367 3034 quae
375 2955 560 3033 sumpsimus,
571 2954 657 3012 nobis
665 2955 860 3032 omnibusque
870 2955 922 3032 qui
933 2956 1105 3014 memoriam

76 3037 259 3096 orationibus
279 3038 341 3095 suis
364 3037 485 3109 habent,
507 3043 538 3094 et
561 3036 614 3111 qui
635 3054 666 3093 se
690 3036 820 3112 indignis
840 3037 976 3113 precibus
996 3037 1107 3096 nostris

74 3127 192 3190 verunt,
211 3138 263 3176 eeu
277 3118 336 3176 illis
354 3137 481 3195 quorum
498 3136 682 3195 quarumque
699 3117 898 3193 eleemosynas
916 3118 1106 3195 suscepimus,

74 3201 162 3259 uibus
184 3199 360 3276 deprecandi
381 3198 528 3257 debitores
549 3217 660 3270 sumus,
683 3205 794 3255 aeterna
815 3198 970 3256 conserant
990 3199 1105 3277 gaudis.

315 3437 382 3496 Pro
402 3452 498 3495 sarco
518 3436 694 3495 Dssurrcro.

74 3568 121 3659 ¹cui
135 3599 286 3677 proprium
301 3606 347 3658 est
364 3598 496 3657 misereri
509 3617 624 3675 semper
637 3603 668 3656 et
685 3617 814 3674 parcere,
828 3600 989 3676 propitiare
1002 3601 1107 3658 enimse

76 3704 83 3740 :
112 3688 143 3739 et
156 3682 254 3739 omnia
275 3687 393 3757 peccata
411 3681 475 3755 ejus
489 3680 616 3751 dimitte,
632 3685 667 3737 ut
684 3681 790 3739 mortis
803 3681 930 3739 vinculis
955 3681 1108 3739 absolutus

74 3770 195 3821 ,arcetur
207 3762 246 3819 ad
259 3762 360 3820 vitam
403 3760 470 3819 Per.

74 3866 105 3998 ie,
125 3942 301 4002 quesumus,
316 3923 502 3999 omnipotens
518 3928 627 3979 aeterne
649 3921 741 3993 Deus,
760 3928 792 3979 et
811 3921 943 3998 placatas
963 3923 1109 4000 suscipere

74 4026 107 4065 oc
128 4006 311 4077 sacrificium,
334 4004 413 4080 quod
430 4003 487 4060 tibi
509 4003 659 4060 offerimus
676 4022 730 4079 pro
752 4003 852 4060 anima
872 4003 977 4060 famuli
1000 4005 1054 4078 tui,
1077 4011 1109 4062 et

74 4089 204 4166 bpacem
218 4093 391 4164 perpetuam
405 4093 436 4142 et
449 4084 581 4160 requiem
594 4085 809 4160 sempiternam.
852 4082 918 4142 Per.

74 4251 186 4311 Suscipe,
195 4249 363 4305 Domina,bac
369 4261 469 4292 munera
474 4260 518 4306 pro
524 4245 649 4291 animabus
659 4244 764 4290 omniurn
771 4244 950 4290 bencfactorum
959 4248 1108 4303 rosnarum,

74 4312 120 4358 ciis
128 4323 213 4357 eorum
223 4308 311 4368 quibus
320 4311 483 4353 sustentamur
492 4306 518 4351 in
528 4305 607 4362 terris,
617 4305 648 4349 ds
656 4305 693 4349 eis
702 4303 884 4349 retributionem
894 4305 918 4348 in
929 4304 1001 4350 calis.
1033 4305 1087 4351 Per.

74 4373 185 4429 Sumpta
202 4371 350 4415 recrementa
367 4380 411 4411 nos
425 4365 554 4410 absolvant
571 4364 677 4408 vinculis
692 4367 885 4423 pacatumue
902 4364 988 4410 anima
1002 4365 1110 4412 omnium

74 4436 238 4478 anostrorum
248 4424 366 4474 consortis
377 4424 503 4471 obtineant
512 4423 640 4484 spirituum
650 4422 780 4469 beatorum.
811 4421 865 4470 Per.
