2804 4920
405 323 509 390 Festo
530 323 571 390 ii.
590 332 666 411 post
687 325 903 410 Pentecosten.

516 556 614 615 Fama
636 557 788 616 Snounnn.

112 652 255 729 Officium.

111 734 231 792 cibavit
244 754 293 793 eos
306 754 345 793 ex
358 734 444 812 adipe
457 734 608 808 frumenti,
624 735 771 812 alleluya:
803 741 834 794 et
847 735 884 794 de
896 741 983 813 petra
1000 733 1086 793 melle
1107 735 1254 793 saturavit

40 835 105 888 eos,
121 815 256 893 alleluya,
272 815 409 892 alleluya,
423 815 558 894 alleluya

109 912 255 971 Psalmus.

110 993 269 1051 Exsultate
283 992 348 1051 Deo
362 992 493 1069 adjutori
505 1000 625 1051 nostro:
643 993 770 1070 jubilate
785 993 850 1051 Deo
863 992 965 1051 Jacob.

110 1075 200 1146 Deus,
219 1075 271 1152 qui
290 1074 430 1152 apostolis
450 1076 511 1132 tuis
533 1074 674 1133 Sanctum
698 1075 807 1132 dedisti
830 1074 994 1152 Spiritum:
1026 1074 1151 1133 concede
1172 1075 1252 1152 plebi

47 1160 109 1212 tuae
123 1157 179 1233 piae
198 1155 352 1234 petitionis
370 1155 514 1228 effectum,
528 1162 563 1213 ut
577 1156 685 1232 quibus
698 1155 807 1213 dedisti
820 1155 917 1230 fidem,
933 1155 1067 1234 largiaris
1088 1160 1119 1214 et
1139 1174 1248 1232 pacem.

49 1233 110 1292 Per
122 1236 294 1295 Dominum.
338 1236 378 1294 In
390 1235 508 1294 unitate
521 1236 659 1314 ejusdem.

110 1352 204 1410 lenio
216 1351 346 1410 Amnum
358 1348 562 1428 apostemate
575 1349 620 1427 (oc.
638 1348 753 1429 4248).

110 1444 149 1503 In
176 1444 280 1502 diebus
302 1443 371 1517 illis,
396 1443 542 1520 Aperiens
565 1443 673 1501 Petrus
694 1462 727 1501 os
750 1462 844 1515 suum,
870 1442 968 1515 dixit;
997 1441 1066 1499 Viri
1088 1441 1194 1501 fratres
1221 1448 1251 1500 et

55 1530 156 1597 patres,
171 1525 255 1584 nobis
268 1525 409 1602 praeoepit
429 1525 577 1582 Dominus
590 1524 747 1600 praedicare
760 1524 869 1600 populo
882 1544 972 1600 usquc
986 1525 1026 1581 cul
1049 1531 1080 1581 et
1096 1524 1188 1600 jussit
1201 1543 1250 1581 eos

57 1602 192 1682 baptizari
203 1607 235 1663 in
250 1607 370 1664 nomine
383 1605 507 1663 Domini
520 1605 614 1662 nostri
627 1605 649 1663 J
650 1624 702 1663 esu
716 1604 835 1663 (lhristi.

111 1687 256 1763 Alleluya.
299 1687 327 1744 l'.
351 1687 464 1743 Emitte
483 1685 636 1763 Spiritum.

112 1768 256 1844 Alleluya
298 1768 326 1826 V.
350 1767 432 1824 Vsui
453 1765 560 1824 Sancte
581 1766 719 1843 Spiritus,
744 1765 824 1842 reple
848 1773 969 1823 tuorum
991 1765 1078 1824 eorda
1097 1765 1226 1824 fidelium
1241 1786 1250 1839 ;

64 1850 140 1906 sttui
153 1849 259 1907 amoris
273 1849 305 1906 in
319 1849 360 1905 cis
375 1850 473 1925 iguem
486 1847 618 1906 accende.

112 1942 271 2022 Scprccatia.

169 2026 262 2083 Alma
274 2024 380 2082 chorus
394 2024 518 2081 Domini
530 2043 609 2083 nunc
623 2032 732 2101 pangat
746 2023 867 2081 uomina
879 2023 995 2081 summi.

170 2106 303 2177 Messias,
320 2106 413 2178 Soter,
431 2105 584 2177 Emanuel,
601 2105 741 2177 Sabaoth,
758 2104 894 2180 Adonay.

169 2187 430 2265 munigenitus,
446 2185 515 2259 Via,
527 2186 609 2259 Vita,
626 2185 744 2258 Manus,
761 2185 953 2258 Homoiision,

170 2268 364 2346 Principium,
379 2266 606 2343 Primogenitus,
623 2266 782 2344 Sapientia,
798 2266 915 2339 Virtus,

169 2349 279 2427 Alphe,
295 2348 401 2426 Caput,
418 2347 558 2424 Finisque
571 2347 660 2404 simul
673 2347 829 2417 vocitatur,
844 2353 874 2405 et
887 2353 932 2406 est
945 2346 1000 2406 00
1015 2368 1021 2405 :

170 2430 249 2488 Fons
261 2436 293 2488 et
307 2429 397 2507 Origo
411 2429 491 2501 boui,
507 2428 682 2501 Paraclitus,
696 2448 730 2486 ao
744 2427 903 2500 Mediator,

169 2513 284 2588 Agnus,
300 2510 381 2582 Ovis,
396 2510 530 2581 Vitulus,
547 2510 680 2586 Serpens,
695 2510 792 2576 Aries,
808 2509 877 2581 leo,
888 2508 1017 2582 Vermis‚

171 2591 219 2664 Os,
235 2591 380 2664 Verbum,
395 2590 548 2667 Splendor,
564 2590 622 2660 Sol,
640 2589 749 2661 Gloria,
766 2590 834 2647 Lux
848 2596 878 2648 et
893 2589 1015 2668 Imag03

169 2672 268 2745 Panis,
283 2672 361 2745 Flos,
376 2671 468 2744 Vitis,
483 2671 581 2741 Mons,
596 2671 619 2729 J
619 2690 705 2741 anua,
720 2670 811 2728 Petra
824 2670 979 2747 Lapisque,

169 2752 303 2831 Angelus
317 2759 348 2810 et
361 2753 500 2830 Sponsus,
516 2752 687 2827 Pastorque,
703 2751 861 2828 Propheta,
877 2751 1025 2822 Sacerdos,

168 2835 348 2906 Athanatos,
363 2833 484 2911 Kyrios,
501 2833 595 2890 Theos
609 2839 722 2909 panton
736 2840 839 2890 craton
853 2838 884 2890 et
898 2831 972 2889 Isus.

169 2914 319 2973 Salvificet
331 2933 393 2987 nos,
408 2914 449 2972 sit
462 2914 511 2972 oui
523 2912 608 2972 saecla
621 2933 674 2990 per
687 2913 786 2971 omnia
799 2912 884 2970 doxa.

112 3075 273 3135 siccandam
292 3075 459 3134 Jolcarmcm
479 3076 540 3151 (iii.
566 3074 678 3154 16-21).

113 3168 149 3227 In
176 3170 229 3228 illo
252 3176 393 3246 tempore,
419 3169 509 3226 Dixit
531 3167 620 3226 Jesus
644 3167 761 3226 cuidam
783 3167 910 3245 principi
934 3165 1171 3238 Pharisaeorum
1199 3165 1248 3224 Sic

16 3226 250 3391 Dssugrfflexit
264 3250 410 3309 mundum
423 3269 514 3326 usqae
526 3250 568 3308 od
580 3249 614 3307 in
627 3248 692 3307 Deo
705 3254 776 3306 sunt
788 3248 875 3306 factu.

185 3352 209 3391 o.

111 3428 380 3570 fflbrdouittuddaslo
394 3508 550 3581 Dominus,
565 3514 597 3566 et
611 3507 785 3566 Altissimus
798 3505 881 3565 dedit
898 3526 999 3565 rocem
1012 3526 1105 3579 suam,
1119 3514 1150 3565 et
1163 3526 1249 3584 appa·

18 3585 174 3650 suemus
186 3592 283 3650 fontes
297 3610 448 3668 aquarum,
465 3588 601 3666 alleluya

112 3688 225 3748 Secreta

112 3767 266 3848 Propitius,
283 3767 420 3840 Domine,
436 3786 604 3844 quaesumus
625 3765 687 3823 haeo
709 3765 786 3823 dona
807 3764 964 3836 sanctifica,
988 3771 1020 3822 et
1041 3763 1144 3822 hostias
1166 3765 1248 3841 spiri-

21 3830 138 3964 tgalis
149 3851 298 3945 oblatione
311 3854 454 3927 suscepta,
468 3847 664 3925 nosmetipsos
677 3846 734 3905 tibi
754 3846 860 3923 perfice
874 3865 982 3903 munus
995 3852 1146 3904 aeternum.
1190 3845 1248 3902 Per

68 3942 176 3990 01111111.

112 4026 387 4187 immensam
411 4107 529 4167 docebit
556 4126 617 4179 vos,
640 4105 777 4181 alleluya,
807 4123 990 4182 quaecunque
1017 4103 1120 4161 dixero
1152 4103 1245 4174 vobis,

33 4169 182 4267 ⁰⁴1leluya,
194 4190 329 4267 alleluya.

113 4285 346 4347 Postoommncsc'o.

46 4423 53 4438 ,
113 4367 227 4441 Adesto,
243 4367 381 4439 Domine,
396 4385 563 4444 quaesumus
576 4365 685 4442 populo
699 4370 761 4436 tue,
773 4370 804 4421 et
818 4382 905 4440 quem
919 4360 1067 4438 mysteriis
1082 4361 1247 4421 caelestibus

46 4442 190 4523 ¹1²¹buisti,
200 4448 241 4509 ab
251 4447 384 4508 hostium
397 4449 496 4505 furore
509 4446 640 4505 defende.
684 4445 743 4502 Per
757 4445 928 4502 Dominum.
