2804 4920
121 335 281 421 Sequitur
293 335 402 403 Missa
416 335 456 402 clc
472 335 627 423 Quinque
643 334 847 403 Vulneribus
862 335 997 403 Christi.
1095 336 1158 402 451

80 506 106 560 st
116 521 206 580 super
217 502 397 562 habitatores
411 502 607 573 Hierusalem,
622 502 772 580 Spiritum·
779 503 882 581 ffatim
895 509 927 563 et
942 502 1159 575 miserationis;

80 582 147 642 dont
168 583 201 641 in
225 603 292 643 eum
316 604 404 662 quem
426 584 621 656 confixerunt,
636 590 668 642 et
686 583 827 663 plangent
845 603 914 643 eum
927 583 1011 662 quasi
1024 583 1158 661 unigeni-

80 669 107 721 et
138 663 280 723 dolebunt
306 684 396 742 super
421 684 499 738 enm,
518 671 554 723 ut
573 664 666 724 dolari
693 665 768 724 solet
787 665 820 724 in
841 671 936 724 morte
955 663 1154 743 primogeniti.

80 743 126 802 'uls
148 745 206 803 erit
228 745 364 823 planctus
385 765 509 822 magnus
532 747 565 803 in
586 745 782 804 Hierusalem.
824 746 866 804 Et
886 745 1001 804 dicetur
1014 745 1060 818 ei;
1082 745 1156 816 Quae

80 844 109 883 m
120 825 213 902 plaga
235 826 267 884 in
289 827 386 886 medio
408 845 552 884 manuum
570 827 711 885 tuaruml
754 827 795 884 Et
807 826 888 885 dixit
900 826 961 900 eis;
981 825 1041 884 His
1059 824 1156 904 plagis

81 925 181 965 asum
204 907 237 964 in
259 907 346 965 domo
367 927 468 966 eorum
493 907 545 984 qui
570 926 618 965 ma
641 907 810 984 diligebant.
865 907 991 966 Framea
1014 906 1156 966 suscitare

80 992 206 1046 ostonem
219 1007 326 1060 meum,
342 995 373 1047 et
385 1007 474 1066 super
486 990 585 1046 virum
604 987 797 1046 coherentem
817 986 900 1060 mihi,
921 987 995 1046 dicit
1008 986 1155 1046 Dominus

80 1087 150 1126 rum
202 1067 370 1128 Percutiam
406 1075 561 1147 pastorem,
588 1075 620 1127 et
649 1068 856 1147 dispergentur
880 1086 952 1128 oves
977 1067 1080 1147 gregis,
1111 1069 1155 1128 ait

80 1167 107 1206 rs
126 1149 321 1227 omnipotens
359 1164 365 1179 ·
1153 1192 1157 1203 ·

80 1228 156 1289 aab.

80 1311 233 1387 ›roperium
257 1311 440 1389 exspectavit
466 1330 516 1370 cor
542 1329 640 1369 meum
664 1317 695 1369 et
718 1310 874 1381 miseriam,
897 1317 929 1369 et
948 1309 1076 1368 sustinui
1096 1310 1150 1404 qui

80 1392 285 1450 ontristaretur
297 1399 328 1451 et
340 1411 400 1450 non
414 1391 489 1450 suit:
509 1392 708 1450 consolantem
722 1409 769 1449 me
782 1392 913 1468 quesivi,
923 1398 954 1449 et
967 1409 1029 1449 non
1041 1391 1150 1449 inveni

80 1470 238 1531 lederunt'
230 1492 262 1531 ιιι
275 1492 370 1531 escam
383 1492 479 1531 meam
491 1472 548 1531 fel:
569 1473 629 1531 et'
620 1492 652 1529 m
666 1472 717 1530 siti
730 1491 795 1530 mea
808 1478 988 1549 potaverumt
999 1491 1047 1530 me
1060 1478 1151 1530 aceto.

80 1551 166 1631 sluya
215 1553 243 1612 V.
276 1557 353 1623 Ave,
379 1573 433 1612 rex
460 1560 568 1624 noster,
593 1553 668 1611 Jesu
695 1552 833 1612 Christe:
862 1554 908 1611 Τιι
934 1559 1050 1612 nostros
1073 1551 1153 1611 solus

96 1640 127 1692 et
149 1640 249 1692 reatus
272 1635 427 1692 miseratus
449 1634 608 1711 pertulisti,
635 1633 721 1692 Patri
745 1633 900 1694 obediens:
930 1635 1038 1692 ductus
1059 1652 1090 1692 es
1113 1632 1152 1691 ad

80 1720 131 1772 ‚ut
143 1735 235 1792 agnus
248 1721 420 1773 mansuetus
439 1716 477 1773 ad
497 1715 692 1774 occisionem:
713 1714 783 1772 Tibi
795 1714 898 1793 gloria,
913 1714 1060 1774 Hosanna
1072 1713 1150 1785 Tibi,

92 1794 186 1853 laudis
199 1801 230 1853 et
243 1795 406 1854 honestatis
418 1796 530 1854 chorea

80 1894 107 1932 u
120 1876 352 1952 Septuopcamom
365 1875 418 1935 iste
434 1876 564 1934 Tractus.

80 1956 126 2014 ica
145 1976 200 2029 me,
224 1958 313 2029 Deus,
327 1964 359 2015 et
381 1957 512 2016 discerne
533 1976 650 2016 causam
668 1975 764 2016 meam
784 1957 821 2015 de
842 1962 931 2034 gente
953 1976 1012 2014 non
1032 1962 1153 2014 sancta:

80 2035 125 2095 ine
139 2038 242 2114 iniquo
255 2045 285 2096 ot
298 2038 398 2096 doloso
411 2038 491 2114 eripe
505 2057 571 2109 me;
592 2039 663 2114 quia
676 2039 721 2096 Tu
736 2058 766 2097 es
780 2039 862 2097 Deus
874 2038 1020 2097 fortitudo
1033 2056 1106 2095 mea

80 2136 126 2187 es,
141 2119 277 2191 Domine,
285 2120 382 2195 iniqui
395 2119 660 2177 insurrexeurntin
672 2139 720 2178 me
730 2140 740 2193 ;
753 2119 881 2178 traditus
894 2138 968 2191 sum,
982 2124 1013 2177 et
1026 2118 1152 2176 mentita

79 2198 156 2256 uitas
169 2200 233 2258 sibi.

80 2298 112 2336 ra
135 2279 252 2338 dorsum
274 2300 371 2339 meum
391 2280 610 2338 fabricaverrurt
629 2287 807 2357 peccatores:
827 2281 1077 2359 prolongaverunt
1096 2279 1152 2340 ini-

80 2380 101 2416 n
114 2379 205 2418 suam.

90 2460 161 2499 vero
180 2443 439 2500 consideravomnt
458 2448 490 2500 et
509 2442 703 2519 inspexerunt
722 2462 787 2501 me:
808 2442 974 2501 diviserunt
993 2443 1050 2501 sibi
1064 2442 1152 2502 vesti·

80 2541 140 2591 nea,
155 2529 186 2580 et
198 2542 285 2600 super
298 2530 409 2581 vestem
423 2542 518 2581 meam
531 2524 677 2580 miseruut
690 2531 807 2582 sortem.

80 2608 165 2659 amnt
188 2623 293 2661 munus
320 2623 400 2662 meas
430 2610 461 2661 et
480 2603 568 2680 pedes
591 2623 692 2661 meos:
712 2610 744 2662 et
767 2604 1030 2663 dinumeraverunt
1051 2604 1150 2662 omnia

80 2702 104 2755 a,
119 2690 150 2741 et
163 2684 292 2742 dolorem
305 2684 463 2742 vulnerum
476 2704 608 2742 meorum
622 2684 806 2744 addiderunt

80 2777 176 2835 walia.

154 2859 264 2916 Cenem
277 2878 344 2918 cum
357 2858 518 2936 discipulis,
532 2857 555 2916 J
556 2877 616 2930 esu,
632 2857 794 2930 celebrasti,

193 2939 235 2996 Et
247 2945 373 2998 mertem
386 2939 525 3017 apostolis
538 2939 636 3015 palam
649 2940 806 3010 nuntiasti,

193 3021 234 3077 Et
247 3026 395 3079 auctorem
409 3021 525 3079 sceleris
538 3020 559 3078 ,J
561 3021 650 3078 udam
663 3021 879 3092 demonstrasti,

194 3100 235 3158 Et
248 3121 380 3178 egressus
393 3102 528 3180 protinus
542 3101 694 3160 hortulum
709 3101 835 3160 intrasti

151 3195 234 3255 Tunc
247 3198 406 3275 procedens
420 3198 567 3256 Dominus
580 3199 664 3256 humi
677 3218 708 3256 se
721 3198 892 3275 prostravit,

192 3279 233 3335 Et
246 3279 399 3337 transferri
412 3279 531 3338 calicem
545 3299 562 3336 a
576 3298 606 3337 se
620 3278 790 3356 postulavit,

190 3358 248 3417 Sed
261 3359 361 3418 Patris
373 3360 497 3418 arbitrio
510 3359 585 3417 illud
599 3359 825 3432 commendavit,

191 3439 232 3497 Et
245 3460 315 3498 mox
329 3461 393 3501 ecce
408 3440 559 3519 sanguinis
572 3440 660 3497 sudor
672 3441 830 3498 emanavit.

149 3536 172 3595 J
173 3537 245 3596 udas
258 3547 324 3616 post
337 3540 399 3599 haec
413 3540 544 3598 osculum
558 3538 675 3597 Christo
688 3537 770 3596 dedit
784 3539 878 3598 tristi:

188 3620 240 3677 Ad
254 3620 334 3696 quid,
350 3621 449 3697 inquit
463 3621 618 3692 Dominus,
630 3620 730 3692 amice,
740 3622 864 3681 venistil

189 3699 343 3776 Numquid
357 3701 449 3758 tradis
463 3702 570 3771 osculo,
580 3721 668 3778 quom
684 3703 748 3778 jam
762 3701 944 3761 vendidistil

188 3782 371 3839 Assistentes
384 3782 521 3857 protinus
534 3784 654 3840 irruunt
666 3783 804 3842 ministri.

149 3877 181 3935 N
182 3899 221 3936 ox
234 3878 376 3936 insomnis
389 3878 489 3954 itaque
503 3886 567 3937 tota
579 3879 741 3938 ducebatur
748 3900 758 3951 ;

188 3960 282 4017 Nulla
294 3978 412 4036 prorsus
425 3959 540 4036 requies
553 3959 574 4018 J
575 3978 627 4017 esu
640 3961 854 4036 prestabatur5

187 4040 399 4117 Magistrorum
412 4039 503 4116 impia
516 4039 599 4117 plebs
612 4041 779 4115 injuriatur,

186 4121 291 4198 Alapis
305 4126 336 4179 et
348 4120 477 4198 colaphis
490 4121 630 4179 innocens
642 4127 797 4179 mactatur.

147 4218 228 4275 Dum
239 4218 260 4276 J
261 4237 342 4276 esum
357 4219 468 4295 eripere
483 4217 599 4275 Pilatus
612 4223 744 4289 conatur,

186 4299 208 4357 J
210 4299 358 4357 udseorum
372 4299 450 4356 furia
463 4299 556 4375 magis
569 4297 778 4367 inflammatur,

187 4380 227 4436 Et
240 4379 387 4437 tumultus
401 4379 502 4456 populi
515 4381 617 4457 ingens
631 4379 787 4451 excitatur,

186 4461 227 4517 Et
240 4461 332 4537 plebis
346 4480 406 4519 vox
419 4461 536 4520 intonat
551 4469 585 4519 ut
599 4460 794 4538 crucifigatur.
