2806 4920
165 289 230 352 428
565 283 680 351 Misso
697 305 763 370 pro
784 280 970 367 Defumis

152 509 156 518 .
224 452 393 512 Sanamem
405 451 572 514 Iohannem
587 452 647 528 (ιιι
663 449 808 528 2127)

153 554 156 559 ·
224 534 498 611 Inillotempore,
519 529 955 600 DixitMarthaadJesum5
979 525 1120 600 Domine,
1137 525 1353 596 sifuissoehir,

150 616 257 710 ,irater
269 635 353 673 mous
366 635 427 673 non
439 615 543 672 fuisset
557 621 793 689 mortuususqus
806 612 848 669 od
860 617 896 669 tu
909 629 941 668 es
936 602 1097 668 Christus
1111 608 1212 666 Filius
1224 608 1321 666 Dei
1295 608 1354 676 usi,

165 697 219 775 qui
231 697 263 754 in
277 696 357 755 hune
370 696 516 753 mundum
528 696 646 754 venisti.

226 786 396 846 Smndom
409 786 576 848 Jotanmm
589 786 632 863 (o.
650 784 766 863 2429).

227 867 268 925 Ιιι
287 867 339 925 illo
357 874 498 945 tempore,
513 867 604 926 Dixit
624 867 714 926 Jesus
731 866 829 924 turbis
847 865 1025 924 «Iudaeorum
1034 883 1045 938 ;
1066 864 1181 936 Amen,
1195 881 1291 934 amen,
1303 861 1356 919 dio
1400 890 1402 897 ·

150 951 153 961 ’
167 948 251 1007 vobis
264 968 354 1024 osque
367 950 409 1006 od
420 950 455 1006 in
466 949 710 1007 resurrectionem
719 947 835 1024 judieii.
1007 970 1014 978 ·
1400 972 1402 976 ·

228 1039 396 1100 Secundum
408 1040 575 1100 Jotannsm
587 1042 641 1119 (oi.
658 1041 774 1116 3740).

227 1122 333 1180 Inillo
350 1130 492 1200 tempore,
507 1122 597 1180 Dixit
616 1122 707 1181 Jesus
726 1121 879 1199 discipulis
898 1121 979 1195 suis3
1005 1120 1104 1180 Omne
1122 1118 1206 1197 qnod
1226 1120 1279 1177 dat
1296 1116 1358 1175 miti

169 1202 260 1261 Pater
272 1224 363 1279 usque
376 1204 439 1261 ad
430 1223 463 1260 ιιι
476 1204 636 1261 novissimo
649 1203 705 1261 die

154 1318 157 1323 ·
227 1284 396 1344 Secundum
408 1284 576 1343 Johanmm
588 1284 606 1362 (
606 1306 631 1342 o
648 1285 697 1342 21-
699 1285 737 1342 24
738 1285 763 1361 ι

229 1365 269 1424 In
286 1365 339 1423 illo
352 1373 491 1442 temporo,
507 1366 596 1423 Dixit
609 1365 631 1424 J
632 1385 698 1423 esus
718 1366 816 1423 turbis
827 1365 851 1424 J
851 1364 1025 1438 ursorum
1044 1362 1131 1422 Siout
1144 1360 1239 1421 Pater
1249 1361 1359 1419 smeitst

170 1455 302 1505 mortuos
315 1467 406 1522 osque
419 1447 460 1504 ad
472 1446 523 1505 sed
536 1447 661 1504 transiet
674 1466 693 1504 a
705 1455 801 1505 morte
813 1447 846 1504 in
859 1447 962 1504 vitam.

229 1538 272 1597 In
285 1540 487 1598 anniversario
501 1540 713 1616 Episooporum
726 1541 781 1615 (oi
798 1539 915 1613 olor).

229 1620 270 1678 In
292 1621 345 1679 illo
368 1627 509 1698 tempore,
525 1621 616 1690 Dixit
637 1620 729 1680 Jesus
751 1620 904 1696 discipulis
925 1619 1040 1676 suis-et
1058 1616 1160 1676 turbis
1179 1616 1358 1684 «iudeorum

170 1700 235 1778 Ego
248 1721 314 1759 sum
327 1701 412 1778 panis
426 1703 513 1760 vivus
525 1722 617 1777 usqiss
629 1703 671 1760 ad
682 1702 716 1759 in
729 1702 889 1759 novissimo
902 1701 959 1761 dio.

233 1781 426 1855 offertorium

230 1861 360 1922 Domine
379 1863 455 1922 Jesu
476 1863 602 1935 Christe,
623 1883 678 1922 rex
701 1862 812 1941 gloriis,
833 1862 928 1921 libera
947 1862 1062 1920 animas
1082 1860 1221 1918 omnium
1239 1858 1358 1917 fidelium

170 1943 378 2002 defunctorum
399 1945 436 2002 de
458 1965 550 2002 manu
571 1945 684 2003 infami
703 1951 735 2003 et
753 1944 791 2002 de
807 1944 954 2037 profundo
971 1943 1059 2001 lacu:
1080 1942 1178 2000 libera
1197 1961 1247 1999 eas
1264 1940 1300 1998 de
1317 1957 1359 1995 oro

169 2025 273 2098 leonis,
287 2045 326 2083 ne
339 2027 495 2084 absorbeat
507 2046 557 2084 ees
576 2033 717 2099 tartarus,
737 2025 914 2083 neeadant'
905 2045 938 2082 ιιι
952 2025 1075 2082 obseura
1088 2024 1281 2081 tenebrarum
1291 2021 1359 2078 lora

170 2107 222 2164 sed
242 2071 364 2183 signifer
383 2115 502 2166 sanetus
523 2107 654 2164 Michael
673 2112 864 2184 representet
877 2126 926 2163 eas
945 2107 978 2163 in
1001 2107 1099 2164 lucem
1118 2111 1262 2175 maetam,
1283 2119 1360 2178 quan

170 2188 243 2246 olim
256 2188 388 2245 Abrshie
401 2189 566 2265 promisisti
578 2195 610 2247 et
622 2188 730 2246 semini
742 2189 813 2265 ejua

231 2280 372 2338 Sacerdos
384 2281 528 2340 elstram
540 2282 666 2340 Missam
679 2281 796 2340 ooliosm
809 2279 922 2338 elevans
935 2280 1041 2350 devote,
1056 2279 1159 2336 dicat:

190 2400 1357 2517 m:

219 2562 426 2620 Hostias
467 2572 498 2621 et
531 2565 780 2641 precestibi
805 2563 979 2636 Domine
1014 2563 1089 2621 of·
1117 2561 1186 2619 se·
1211 2561 1341 2617 ιι-ιιιιιε.

236 2681 347 2741 Choes
357 2692 556 2775 prosequatur.

233 2765 279 2821 Tu
299 2765 412 2840 suscipe
437 2785 490 2840 pro
514 2765 669 2821 animabus
693 2764 753 2821 illis
773 2785 898 2841 quarum
920 2763 1007 2820 hodie
1034 2762 1207 2818 memoriam
1236 2759 1359 2834 agimm

172 2845 219 2902 ise
242 2866 300 2915 eaS,
326 2846 462 2918 Domine,
488 2845 525 2901 de
549 2854 644 2903 morte
664 2846 791 2903 transire
813 2847 850 2903 sd
874 2846 975 2901 vitem.
1028 2843 1126 2912 Quam
1148 2841 1220 2898 olim
1244 2838 1360 2897 Abnhs

174 2926 343 3003 promisisti

236 3009 319 3066 Tuus
332 3007 471 3066 Saosrdos
485 3006 627 3065 celebrans
640 3007 738 3066 dicat·
759 3008 983 3076 Orate,fmt1es
1016 3004 1121 3063 Rector
1131 3001 1361 3077 Choriincipias:

173 3086 320 3164 Requiem
334 3096 475 3146 aeternam
489 3088 605 3145 done
580 3108 622 3145 eis
637 3089 782 3146 Domine:
803 3098 834 3147 et
848 3090 901 3145 lux
916 3094 1058 3164 perpetua
1070 3086 1208 3142 luceat
1182 3105 1233 3142 ers.

236 3170 357 3228 offerrem

234 3250 409 3326 Propitiare,
437 3270 613 3326 quaesumus,
643 3250 781 3322 Domine,
809 3251 914 3307 animae
942 3249 1047 3307 famuli
1073 3247 1128 3315 tui,
1149 3266 1205 3322 pro
1232 3265 1290 3321 quo
1313 3242 1361 3299 tibi

172 3329 322 3387 offerimus
335 3332 445 3389 hostias
459 3332 652 3408 placationis,
673 3332 785 3407 etquis
795 3332 828 3389 in
838 3332 892 3388 hac
903 3332 985 3388 luce
978 3351 1010 3387 ιιι
1021 3329 1079 3386 fide
1088 3329 1203 3385 mansit
1213 3324 1360 3392 Catholica

171 3410 205 3467 in
218 3412 322 3467 sutura
335 3414 397 3468 vita
410 3433 438 3469 er
429 3413 610 3470 retributio
624 3413 807 3470 condonetur
819 3420 938 3470 reterns.
982 3411 1048 3468 Per.

237 3491 417 3551 Communia

234 3573 303 3631 Lux
324 3582 434 3631 aeterns
454 3575 551 3631 luoest
567 3575 617 3647 eis,
633 3576 782 3634 Domine.
803 3594 871 3632 eum
891 3574 1001 3632 sanetis
1013 3569 1121 3630 tuis’in
1135 3579 1289 3640 oeternum,
1304 3565 1363 3644 quis

173 3655 241 3731 pius
255 3676 293 3715 es

178 3737 206 3794 V
230 3737 377 3828 Requiem
401 3743 541 3794 sternam
564 3737 642 3794 dona
666 3738 717 3810 eis,
737 3737 886 3794 Domine:
916 3744 947 3793 et
966 3736 1020 3793 lux
1040 3741 1184 3812 perpetua
1205 3733 1301 3791 luceat
1319 3729 1361 3786 eis

174 3817 250 3874 Cum
272 3819 388 3875 sanctis

234 3899 475 3957 Posteommunio

233 3980 353 4050 Pnestu,
383 4000 560 4056 quaesumus,
588 3981 775 4056 omnipotens
803 3980 893 4048 Deus,
917 3986 952 4036 ut
976 3979 1105 4036 animam
1133 3977 1240 4034 famuli
1266 3976 1309 4033 tei
1333 3971 1363 4028 sb

172 4061 285 4136 angelis
296 4061 370 4118 lucis
384 4069 549 4138 susceptam
563 4062 596 4117 in
610 4070 773 4138 praepuruts
794 4062 964 4118 habitacula
983 4060 1089 4117 deduci
1108 4059 1200 4116 iacias
1214 4061 1362 4117 beatorum

174 4141 240 4198 Per.

220 4252 1031 4385 Q

288 4416 565 4490 Re-qui-es-cant
595 4418 628 4473 in
661 4437 778 4494 pas-ce.
849 4419 985 4473 Amen
