2804 4920
148 306 212 371 160
439 304 489 371 ra
516 304 651 391 vasta
670 304 890 372 ammam
909 304 1061 372 nomam

466 509 507 567 Is
527 509 658 569 Vromu
677 511 883 570 Ascmrosms
902 510 1032 569 Doms

206 629 249 691 Io
277 628 385 706 Viqils'o
406 628 591 689 detensionis
609 631 734 691 Domini
757 632 797 690 ad
815 633 1024 709 promamus
1046 639 1163 691 coetum
1186 629 1352 702 mamm,

148 712 246 790 Kyrio
259 712 385 788 eleyson
422 711 482 781 Qui
496 713 632 788 pretioso.

209 804 259 862 Ad
271 804 404 861 Missam.
449 802 589 879 Officium.
1083 859 1086 865 ,
1252 861 1269 869 ..
1284 863 1298 869 ,.

209 887 319 944 Omnes
339 891 441 962 gentes
455 884 588 961 plaudite
604 886 757 945 manibus:
776 885 904 963 jubilate
924 887 990 945 Deo
1003 886 1037 944 in
1048 904 1120 944 voce
1133 883 1353 958 exsultationis,

147 967 282 1043 alleluya,
298 966 434 1042 alleluya,
447 965 584 1042 alleluya

209 1047 355 1106 psalmus.
770 1080 773 1087 ·

208 1129 341 1206 Subjecit
354 1127 479 1205 populos
490 1128 595 1186 nobis:
617 1135 648 1186 et
660 1136 762 1206 gentes
776 1131 831 1187 sub
845 1122 968 1207 pedibus
981 1128 1098 1209 nostris

211 1223 319 1281 Oratio.

210 1304 331 1379 Praesta,
356 1322 531 1380 quaesumus,
555 1303 741 1381 omnipotens
763 1304 861 1376 Pater,
884 1312 920 1361 ut
946 1310 1053 1362 nostrie
1075 1303 1185 1381 mentis
1213 1301 1352 1373 intentio,

148 1405 207 1464 quo
221 1385 316 1443 Filius
330 1391 400 1441 tuus
414 1384 620 1441 sollemnitatis
634 1392 767 1442 venturae
780 1386 923 1463 gloriosus
933 1391 1037 1443 auctor
1050 1384 1197 1461 ingressus
1211 1390 1266 1455 est,
1281 1402 1356 1440 sem·

148 1487 202 1544 por
219 1466 356 1525 intendat
361 1485 370 1538 3
390 1472 421 1522 et
439 1484 498 1542 quo
515 1465 572 1522 fide
590 1466 696 1542 pergit,
711 1468 931 1524 conversatione
948 1465 1109 1544 perveniat.
1153 1464 1213 1522 Per
1226 1462 1356 1522 eundem

148 1548 321 1606 Dominum.

209 1628 374 1686 *Memoria
386 1627 421 1683 de
434 1635 537 1683 sancto
552 1627 662 1699 llario,
678 1636 703 1684 et
717 1629 752 1685 <lo
765 1628 898 1686 munibus
911 1628 1054 1687 Soractia*

208 1709 304 1768 Lectio
318 1709 446 1766 Actuum
459 1708 662 1783 Apostolorum
675 1708 729 1785 (iv.
747 1710 861 1786 32-35).

209 1790 248 1848 In
263 1790 365 1848 diebus
378 1788 445 1859 illis,
462 1789 668 1846 Multitudinis
682 1795 781 1846 autem
796 1790 979 1848 credentium
993 1793 1057 1846 erat
1076 1807 1128 1845 cor
1145 1807 1239 1845 unum
1261 1807 1357 1863 uaqrse

147 1873 188 1930 od
201 1871 390 1929 dividebatur
402 1876 502 1926 autem
516 1870 646 1947 singulis,
662 1878 751 1946 prout
765 1870 870 1947 cuique
884 1889 957 1946 opus
970 1878 1040 1927 erat

208 1952 358 2026 Alleluya.
408 1949 436 2008 V.
471 1952 581 2009 Omnes
603 1958 715 2028 gentes,
735 1951 868 2027 plaudite
890 1951 1047 2008 manibus:
1076 1949 1207 2027 jubilate
1230 1948 1300 2007 Deo
1322 1948 1357 2007 in

147 2054 219 2093 voce
232 2030 447 2091 exsultationis.

208 2113 376 2173 Scortudum
389 2110 556 2169 Joltannem
568 2112 654 2188 (aoid
673 2112 774 2188 l-ll).

208 2196 247 2254 In
261 2196 313 2252 illo
326 2204 467 2268 tempore,
482 2192 649 2250 Sublevatis
663 2193 685 2251 J
686 2213 752 2251 esus
762 2193 853 2251 oculis
867 2193 1021 2265 instalum,
1037 2192 1138 2264 dixit3
1160 2192 1260 2264 Pater,
1272 2191 1360 2249 venit

82 2282 88 2291 “
147 2277 229 2347 hora,
243 2276 370 2333 clarifica
383 2274 528 2347 usquead
542 2281 573 2331 ct
581 2274 645 2350 jam
659 2294 719 2331 non
733 2295 799 2331 sum
813 2276 845 2331 in
859 2275 979 2347 mundo,
994 2281 1025 2332 et
1045 2273 1077 2331 hi
1097 2273 1130 2330 in
1145 2272 1258 2330 mundo
1272 2278 1357 2346 sunt,

146 2364 178 2414 at
192 2376 245 2433 ego
258 2357 294 2413 ad
309 2365 340 2412 te
354 2354 448 2411 venio.

209 2436 400 2510 Offortorium.

212 2517 282 2575 Viri
303 2515 429 2586 Galilaei,
444 2515 515 2591 quid
535 2515 724 2573 admiramini
744 2516 918 2593 aspicientes
931 2515 963 2572 in
977 2515 1102 2573 coeluml
1120 2514 1170 2572 hic
1191 2514 1284 2572 Jesus
1303 2515 1359 2592 qui

147 2606 315 2675 assumptus
337 2605 381 2653 ost
394 2615 413 2651 a
426 2597 509 2653 vobis
530 2597 561 2652 'm
583 2597 694 2664 carlum,
709 2598 750 2654 sic
763 2598 871 2669 veniet,
887 2596 1135 2673 quemadmodum
1148 2596 1269 2653 vidistis
1288 2615 1358 2653 eum

147 2681 352 2739 ascendentem
367 2681 397 2736 in
413 2679 525 2749 caelum,
541 2677 674 2753 alleluya

208 2761 350 2820 Semnoi

209 2843 399 2910 Sacrificium,
423 2841 558 2911 Domine,
581 2859 633 2915 pro
655 2839 726 2895 Filii
747 2840 793 2896 tui
814 2840 958 2916 supplices
978 2837 1151 2908 venerabili,
1173 2858 1265 2914 quam
1286 2858 1360 2914 prse-

147 2925 283 2982 venimus
302 2944 390 2987 nunc,
412 2923 580 2979 ascensione
601 2920 776 2977 deferimus:
799 2932 913 2996 praesta,
930 2939 1106 2996 quaesumuS,
1123 2928 1158 2977 ut
1179 2928 1210 2976 et
1228 2939 1285 2976 nos
1303 2938 1358 2996 per

146 3006 243 3081 insum
258 3006 303 3061 his
318 3004 498 3061 commerciis
511 3001 701 3058 sacrosanctis
714 3002 752 3058 ad
766 3003 893 3058 calestia
906 3020 1121 3078 consurgamus.
1167 3001 1227 3069 Qui
1246 3006 1356 3059 tecum.

208 3086 389 3144 Communia.

207 3167 304 3235 I'uter,
330 3186 397 3221 cum
420 3184 511 3220 essem
534 3183 601 3219 cum
625 3163 675 3233 eis,
701 3182 753 3238 ego
777 3164 929 3218 servabam
954 3182 1002 3219 eos
1029 3182 1103 3237 quos
1130 3162 1240 3219 dedisti
1268 3161 1354 3234 mihi,

147 3247 290 3321 alleluya:
313 3266 392 3301 nunc
413 3252 513 3301 autem
527 3244 564 3300 ad
579 3251 608 3300 tc
621 3243 728 3300 venio:
751 3263 810 3298 non
832 3263 911 3320 rogo.
930 3243 1073 3299 ut‘tollas
1094 3262 1145 3300 eos
1164 3243 1202 3300 dc
1222 3243 1355 3300 mundo:

146 3328 197 3385 scd
211 3338 246 3383 ut
259 3346 356 3382 serres
370 3346 418 3380 eos
432 3347 450 3381 a
464 3325 548 3394 malo,
564 3324 700 3400 alleluya,
716 3324 850 3399 alleluya

206 3406 449 3465 I'oslomrmuuio.

207 3487 326 3551 Trilmo,
343 3504 519 3562 quaesumus.
535 3485 670 3555 Domine,
686 3491 721 3541 ut
742 3505 794 3560 per
807 3485 868 3542 hacc
881 3491 983 3542 sancta
996 3506 1062 3561 quae
1076 3486 1267 3561 sumpsimus,
1283 3486 1353 3543 illuc

146 3569 250 3625 tondat
270 3576 377 3624 riost-rm
392 3566 557 3622 dovotionis
571 3566 699 3636 affectus,
715 3586 773 3640 quo
787 3573 885 3622 tecum
900 3574 944 3622 est
961 3578 1064 3624 nostra
1076 3568 1246 3625 substantia
1266 3568 1288 3626 J
1289 3586 1354 3624 esus

146 3650 282 3707 Christus
301 3648 392 3704 Filius
407 3656 484 3715 tuus,
501 3647 647 3704 Dominus
660 3654 767 3703 noster.
811 3648 871 3716 Qui
884 3656 990 3707 tecum.

581 3877 615 3935 ls·
637 3895 692 3935 ms
712 3880 924 3936 Ascsxsroms.

205 3978 345 4053 (Quam

209 4060 274 4116 l'iri
294 4057 419 4117 Galilmi.
434 4056 506 4131 quid
524 4055 711 4112 admiramini
730 4056 904 4131 aspicientes
921 4056 951 4111 in
970 4056 1083 4129 colum,
1099 4058 1237 4134 alleluya,
1254 4077 1346 4134 quem·

142 4141 301 4198 mluimlum
331 4138 446 4196 vidistis
473 4157 541 4193 oum
568 4136 773 4193 asmandcutum
800 4137 831 4192 in
859 4136 981 4193 coelum:
1010 4139 1054 4194 ita
1079 4142 1189 4210 veniet,
1214 4139 1342 4213 alleluya,

142 4223 279 4298 alleluya.
295 4220 430 4295 alleluya.

204 4336 216 4359 ⁸
233 4332 370 4378 ‹lnam-tls.

201 4396 214 4437 t
231 4394 282 4437 lis.
294 4393 423 4448 -Susrism
440 4389 541 4433 lumina
558 4388 631 4435 lleur.
646 4402 743 4433 munera
764 4398 856 4434 carrata
872 4403 926 4447 qum
942 4392 969 4436 in
984 4391 1080 4437 laudem
1096 4392 1223 4453 Unigeniti
1239 4393 1292 4438 Filii
1306 4388 1336 4436 tul

143 4452 281 4501 «latericium
291 4462 317 4497 ut
328 4464 411 4497 esuum
421 4449 614 4506 transcursum·
623 4447 654 4492 ab
664 4447 776 4493 omnibus
786 4448 916 4494 liberamur
926 4450 1043 4496 sdmrsis.
1075 4452 1123 4498 Per
1133 4453 1243 4499 eundem.
