2804 4920
540 359 659 425 Canon
680 357 800 425 nasse.

328 524 385 584 En
939 525 1005 587 MS.

145 630 254 708 Agnus
275 631 343 703 Dei,
366 634 419 709 qui
438 632 520 690 tollis
542 638 661 709 secreta
681 632 803 690 mundi:
832 633 970 691 miserere
990 633 1083 690 nobis.

144 729 254 806 Agnus
274 731 341 803 Dei,
364 731 416 808 qui
436 731 517 788 tollis
537 737 657 807 peccatu
678 730 799 787 mundi:
827 732 965 788 miserere
986 730 1079 790 nobis¹

145 826 254 904 Agnus
275 828 341 901 Dei,
364 828 416 905 qui
436 828 518 886 tollis
538 835 658 904 peceato
677 827 801 884 mundi:
828 827 906 885 dono
926 830 1012 886 uobis
1033 849 1142 905 paoem.

62 929 104 1067 Ila
113 931 218 1071 ,11τῖςοῖἰέ
229 954 294 992 tero
298 955 356 1010 pro
366 933 520 1009 (tesauros,
531 935 649 992 dicatur
688 934 724 992 St
744 934 895 1072 celebretur
909 957 967 1011 pro
984 935 1137 1011 offerretis,
1152 936 1270 994 dicatur

72 1033 115 1069 roc
127 1034 156 1069 rn
196 1035 233 1074 o:
685 1016 754 1072 istu<
776 1040 785 1075 .-

62 1111 172 1187 Agnus
186 1110 245 1168 Dei
259 1113 310 1188 qui
328 1113 408 1170 tollis
427 1119 546 1191 peccata
566 1132 650 1170 mun·
692 1114 797 1190 Agnus
812 1114 879 1183 Dei,
893 1115 945 1189 qui
958 1114 1039 1172 tollis
1052 1121 1171 1191 peccota
1185 1135 1269 1172 mun·

63 1207 94 1264 di
106 1228 113 1264 z
134 1208 212 1266 dous
222 1210 264 1266 eis
275 1212 404 1287 requiem
422 1212 528 1269 Tribus
538 1211 649 1270 vicibus
728 1212 776 1270 di:
798 1212 876 1269 done
889 1213 931 1270 eis
944 1213 1084 1289 requiem.

64 1327 129 1363 enm
143 1307 293 1365 additione
307 1309 410 1384 infine
423 1310 530 1381 ultimi,
542 1310 646 1368 seilicet
687 1310 793 1386 Agnus
807 1310 872 1377 Dei,
888 1310 940 1385 qui
953 1309 1034 1367 tollis
1048 1316 1166 1387 peccota
1185 1330 1269 1368 mun·

63 1404 281 1481 sempiternam.
727 1406 776 1463 di:
798 1406 930 1462 donaris
944 1406 1083 1483 requiem.

686 1505 793 1581 Agnus
807 1505 874 1575 Dei,
892 1504 945 1580 qui
959 1505 1039 1563 tollis
1053 1511 1170 1581 peccatu
1184 1525 1266 1562 mun-

726 1601 770 1658 di:
781 1591 856 1658 don'u
862 1602 903 1658 eis
908 1602 1040 1678 requiem
1048 1603 1265 1678 sempiternam.

67 1696 150 1755 Tuae
164 1708 385 1775 parternqaam
400 1702 518 1759 tenetis
533 1700 645 1757 dextera
688 1701 791 1757 Postea
808 1709 900 1775 ponat
921 1700 1004 1758 illam
1020 1710 1135 1776 partera
1156 1701 1267 1757 Hostiae

66 1800 157 1836 marat
166 1790 261 1856 ponat
274 1781 307 1837 in
323 1782 457 1852 Calicem,
473 1782 612 1840 dicendo:
683 1782 716 1838 ia
732 1780 858 1839 Calicem
871 1802 937 1837 cans
952 1782 1090 1856 quaseer't
1104 1782 1266 1857 suffocatu,

685 1872 710 1919 et
724 1863 803 1919 dicat
816 1862 869 1918 has
885 1862 1054 1922 Orationes:

121 1957 198 2016 Haec
215 1967 397 2017 sacrosancta
411 1960 581 2018 commixtio
595 1961 722 2036 corporis
736 1966 766 2015 et
780 1960 932 2034 sanguinis
946 1960 1069 2017 Domini
1084 1961 1177 2017 nostri
1190 1960 1212 2018 J
1214 1980 1265 2017 esu

64 2054 183 2128 Christi,
198 2056 252 2114 fiat
265 2058 340 2115 mihi
354 2064 384 2116 et
398 2059 534 2115 omnibns
548 2058 732 2115 sumentibus
748 2058 826 2114 sulus
840 2059 949 2115 ruentis
968 2065 998 2116 et
1017 2059 1162 2135 corporis:
1183 2065 1214 2116 et
1227 2057 1265 2115 ad

65 2153 158 2211 vitam
172 2160 313 2213 {eternam
326 2156 549 2233 promerendam
564 2164 594 2213 et
609 2156 813 2232 capessendam
827 2157 1001 2232 prrupuretio
1019 2157 1163 2214 salutaris.
1208 2157 1267 2214 Por

436 2255 561 2311 eundem
577 2253 737 2326 Christum,
753 2263 778 2310 et
792 2263 890 2311 cetera.

686 2350 794 2408 Oratio.

124 2447 253 2506 Domine
275 2448 349 2506 Jesn
373 2449 490 2506 Christe
514 2451 566 2525 qui
590 2449 694 2506 dixisti
717 2450 856 2525 apostolis
880 2451 949 2521 tuis,
975 2452 1082 2508 Pacem
1106 2471 1202 2508 meum
1226 2452 1265 2508 ‹lo

71 2546 164 2619 robis3
184 2566 287 2623 paoem
301 2547 434 2623 relinquo
449 2548 542 2617 nobis,
557 2567 595 2604 ne
609 2548 746 2623 respicias
761 2555 879 2624 peccatu,
892 2569 956 2606 mea
970 2550 1021 2606 sed
1035 2549 1123 2606 fidem
1137 2549 1264 2606 ecclesius

71 2648 131 2715 tun,
150 2664 273 2721 eamque
294 2645 455 2703 seeundum
476 2646 659 2703 voluntate-m
683 2654 765 2703 tuum
787 2648 938 2722 pacificare
959 2654 989 2705 et
1009 2647 1183 2704 coadunare
1204 2648 1265 2723 dig-

73 2757 139 2798 nere.
183 2741 244 2811 Qui
258 2743 336 2799 vivis
350 2750 380 2801 et
401 2763 504 2818 regnos
519 2744 609 2813 Dens,
625 2743 683 2800 Por
697 2745 793 2800 omnio
810 2745 915 2801 saeculo
929 2745 1109 2802 serculorum.
1152 2746 1261 2802 Amen.

78 2836 148 2896 Tune
159 2839 261 2913 offerat
270 2862 380 2916 parem,
396 2843 445 2899 sert
453 2841 553 2917 priato
571 2842 714 2899 osculetur
729 2841 864 2913 Calicem,
881 2843 984 2900 deinde
998 2843 1106 2916 Altare,
1123 2845 1243 2902 ‹h'cerato
1254 2869 1263 2903 .·

142 2936 260 2996 Habete
281 2939 434 2996 vinculum
455 2940 587 2996 caritatis
607 2947 638 2998 et
658 2941 745 3016 pasis,
769 2947 803 2995 ut
823 2940 886 3014 opti
907 2940 971 2996 sitis
992 2941 1181 2997 saerosanctis

544 3039 692 3113 mysteriis
706 3039 771 3095 Dei.

406 3134 448 3191 Et
462 3135 618 3193 eructando
632 3137 692 3193 ntia
698 3137 810 3206 tetrarte,
827 3136 905 3192 ‹tirat
915 3161 924 3193 :

144 3230 205 3289 an
226 3232 341 3290 Christi
362 3240 393 3289 et
413 3241 520 3291 sanetur
542 3233 668 3290 eeclesiae
690 3233 746 3289 tihi
767 3240 797 3290 et
818 3233 932 3290 cunctis
953 3233 1079 3290 ecclesis¹
1101 3234 1179 3292 tiliis.

82 3325 214 3396 latriosis
229 3359 288 3415 pro
309 3337 454 3413 ‹tasrrnctis
473 3360 533 3396 aaa
552 3360 567 3394 o
591 3349 652 3396 erat
666 3339 803 3407 osculum,
819 3341 868 3397 snt
881 3339 981 3397 statim
989 3350 1146 3415 postquam
1156 3342 1262 3400 dixerit

83 3407 225 3478 Orationem
239 3419 369 3478 Domine
382 3421 404 3478 J
406 3440 457 3477 esu
472 3421 583 3478 Christi
597 3421 649 3496 qni
663 3420 775 3490 dixisti,
792 3421 933 3478 <recoletur
948 3420 1081 3490 Calices,
1096 3423 1176 3480 etsie
1192 3445 1262 3499 pro·

381 3503 461 3560 cedat
475 3503 595 3559 dice-rulo
611 3501 762 3559 Orationes
776 3511 918 3576 sequentes
928 3526 937 3560 .·

127 3594 255 3669 Domine,
271 3605 371 3656 sancte
386 3599 484 3670 Pater,
498 3599 683 3674 omnipotens
704 3605 812 3655 aeterno
833 3599 923 3663 Deus,
945 3599 982 3656 dn
1002 3600 1075 3656 mihi
1094 3601 1148 3657 hoe
1169 3622 1259 3659 suero-

80 3698 190 3752 itmtetum
203 3716 311 3773 corpus
331 3702 362 3753 et
382 3697 554 3772 sangninem
569 3697 640 3753 Filii
654 3696 700 3752 tui
719 3696 761 3752 itu
778 3696 866 3771 (ligne
887 3717 1009 3770 sumere,
1025 3706 1059 3755 ut·
1078 3720 1190 3757 merear
1207 3721 1259 3776 por·

81 3776 122 3843 ¹¹⁰0
136 3796 331 3853 mmissionem
352 3796 484 3853 omnium
504 3804 689 3873 peccatorum
710 3814 841 3851 meorum
865 3796 994 3872 occipere
1019 3806 1049 3853 et
1073 3804 1125 3854 tuo
1150 3797 1258 3855 Sancto

80 3873 169 3954 Spiritu
190 3893 305 3968 repleri,
322 3888 365 3972 [ot
378 3893 416 3948 sb
429 3899 539 3950 artemo
552 3892 740 3950 damnatione
759 3892 885 3964 liberari,
902 3901 933 3950 et
952 3894 1046 3951 indie
1063 3896 1169 3969 judieii
1190 3916 1255 3953 cnm

79 3990 163 4048 unctis
176 3999 207 4050 et
222 3992 326 4051 electis
345 3992 406 4049 tuis
426 3999 568 4068 perpetua
587 3992 687 4067 requio
707 3992 841 4049 collocari
852 3990 981 4072 3—th'.]
997 3994 1066 4068 quin
1082 4001 1115 4050 tu
1130 4015 1160 4052 es
1174 3995 1256 4052 Deus

79 4081 102 4178 Ji
116 4095 209 4159 preter
225 4096 257 4147 te
270 4109 331 4146 non
345 4095 390 4146 est
404 4089 488 4159 nlius,
504 4079 587 4160 cujus
601 4109 724 4163 regnum
738 4097 768 4146 et
783 4090 939 4166 imperium
954 4091 1017 4148 sine
1032 4093 1090 4147 fine
1104 4098 1255 4167 pormanet

10 4222 12 4233 ι
77 4185 205 4246 musula
217 4188 400 4247 serculorum.
443 4188 550 4244 Amen.

124 4290 185 4352 Alio
198 4294 311 4354 Oratio.
336 4350 340 4359 ,

124 4385 241 4451 Domine
260 4393 336 4451 Jesu
357 4391 478 4461 Christi,
500 4391 559 4449 Fili
581 4392 638 4449 Dei
660 4393 731 4461 riri,
755 4393 806 4468 qni
834 4412 872 4449 ex
899 4393 1053 4450 voluntate
1081 4394 1189 4463 Petris,
1211 4414 1254 4453 ro

78 4485 191 4549 ⁰P0mte
204 4490 319 4568 Spiritu
336 4489 454 4563 Sancto,
475 4510 528 4566 per
548 4499 671 4549 mortem
693 4499 775 4549 tunm
797 4492 940 4548 mrurdum
961 4492 1120 4550 ririfieusti
1131 4513 1139 4565 ;
1162 4492 1254 4551 libern-
