<?xml version="1.0" encoding="UTF-8"?>
<!DOCTYPE html PUBLIC "-//W3C//DTD XHTML 1.0 Transitional//EN"
    "http://www.w3.org/TR/xhtml1/DTD/xhtml1-transitional.dtd">
<html xmlns="http://www.w3.org/1999/xhtml" xml:lang="en" lang="en">
 <head>
  <title>
</title>
<meta http-equiv="Content-Type" content="text/html;charset=utf-8" />
  <meta name='ocr-system' content='tesseract 3.04.00' />
  <meta name='ocr-capabilities' content='ocr_page ocr_carea ocr_par ocr_line ocrx_word'/>
</head>
<body>
  <div class='ocr_page' id='page_1' title='image "./missaleadusumpe00churgoog_0147.png"; bbox 0 0 2804 4920; ppageno 0'>
   <div class='ocr_carea' id='block_1_1' title="bbox 138 305 997 374">
    <p class='ocr_par' dir='ltr' id='par_1_1' title="bbox 138 305 997 374">
     <span class='ocr_line' id='line_1_1' title="bbox 138 305 997 374; baseline -0.001 -1"><span class='ocrx_word' id='word_1_1' title='bbox 138 311 182 374; x_wconf 81' lang='lat'><strong>92</strong></span> <span class='ocrx_word' id='word_1_2' title='bbox 489 305 708 373; x_wconf 60' lang='lat' dir='ltr'><strong>stricatae</strong></span> <span class='ocrx_word' id='word_1_3' title='bbox 722 305 778 372; x_wconf 80' lang='lat' dir='ltr'><strong>die</strong></span> <span class='ocrx_word' id='word_1_4' title='bbox 791 306 997 372; x_wconf 82' lang='lat' dir='ltr'><strong>Parascecea</strong></span> 
     </span>
    </p>
   </div>
   <div class='ocr_carea' id='block_1_2' title="bbox 199 474 1348 633">
    <p class='ocr_par' dir='ltr' id='par_1_2' title="bbox 199 474 1348 633">
     <span class='ocr_line' id='line_1_2' title="bbox 199 474 1348 633; baseline -0.003 -19"><span class='ocrx_word' id='word_1_5' title='bbox 199 474 335 628; x_wconf 50' lang='lat' dir='ltr'><strong>Orgidous,</strong></span> <span class='ocrx_word' id='word_1_6' title='bbox 362 553 547 614; x_wconf 77' lang='lat' dir='ltr'><strong>dilectissimi</strong></span> <span class='ocrx_word' id='word_1_7' title='bbox 578 554 673 628; x_wconf 85' lang='lat' dir='ltr'><strong>nobis,</strong></span> <span class='ocrx_word' id='word_1_8' title='bbox 700 554 734 612; x_wconf 94' lang='lat' dir='ltr'><strong>in</strong></span> <span class='ocrx_word' id='word_1_9' title='bbox 762 555 867 633; x_wconf 89' lang='lat' dir='ltr'><strong>primis</strong></span> <span class='ocrx_word' id='word_1_10' title='bbox 893 574 948 632; x_wconf 91' lang='lat' dir='ltr'><strong>pro</strong></span> <span class='ocrx_word' id='word_1_11' title='bbox 975 553 1107 613; x_wconf 84' lang='lat' dir='ltr'><strong>Ecclesia</strong></span> <span class='ocrx_word' id='word_1_12' title='bbox 1133 559 1238 612; x_wconf 84' lang='lat' dir='ltr'><strong>sancta</strong></span> <span class='ocrx_word' id='word_1_13' title='bbox 1267 550 1348 625; x_wconf 84' lang='lat' dir='ltr'><strong>Dei;</strong></span> 
     </span>
    </p>
   </div>
   <div class='ocr_carea' id='block_1_3' title="bbox 137 633 1348 1038">
    <p class='ocr_par' dir='ltr' id='par_1_3' title="bbox 137 633 1348 955">
     <span class='ocr_line' id='line_1_3' title="bbox 138 633 1348 713; baseline -0.002 -19"><span class='ocrx_word' id='word_1_14' title='bbox 138 642 175 694; x_wconf 93' lang='lat' dir='ltr'><strong>ut</strong></span> <span class='ocrx_word' id='word_1_15' title='bbox 197 656 263 694; x_wconf 89' lang='lat' dir='ltr'><strong>cam</strong></span> <span class='ocrx_word' id='word_1_16' title='bbox 285 636 367 695; x_wconf 89' lang='lat' dir='ltr'><strong>Deus</strong></span> <span class='ocrx_word' id='word_1_17' title='bbox 398 642 429 694; x_wconf 86' lang='lat' dir='ltr'><strong>et</strong></span> <span class='ocrx_word' id='word_1_18' title='bbox 460 636 608 694; x_wconf 82' lang='lat' dir='ltr'><strong>Dominus</strong></span> <span class='ocrx_word' id='word_1_19' title='bbox 639 642 740 694; x_wconf 87' lang='lat' dir='ltr'><strong>noster</strong></span> <span class='ocrx_word' id='word_1_20' title='bbox 771 637 931 713; x_wconf 85' lang='lat' dir='ltr'><strong>pacificare,</strong></span> <span class='ocrx_word' id='word_1_21' title='bbox 963 642 995 694; x_wconf 88' lang='lat' dir='ltr'><strong>et</strong></span> <span class='ocrx_word' id='word_1_22' title='bbox 1027 634 1176 693; x_wconf 88' lang='lat' dir='ltr'><strong>custodire</strong></span> <span class='ocrx_word' id='word_1_23' title='bbox 1207 633 1348 712; x_wconf 78' lang='lat' dir='ltr'><strong>dignetur</strong></span> 
     </span>
     <span class='ocr_line' id='line_1_4' title="bbox 137 716 1346 794; baseline -0.002 -19"><span class='ocrx_word' id='word_1_24' title='bbox 137 724 203 775; x_wconf 90' lang='lat' dir='ltr'><strong>toto</strong></span> <span class='ocrx_word' id='word_1_25' title='bbox 230 717 302 775; x_wconf 92' lang='lat' dir='ltr'><strong>orbe</strong></span> <span class='ocrx_word' id='word_1_26' title='bbox 329 725 484 790; x_wconf 87' lang='lat' dir='ltr'><strong>terrarum,</strong></span> <span class='ocrx_word' id='word_1_27' title='bbox 514 717 672 792; x_wconf 88' lang='lat' dir='ltr'><strong>subjiciens</strong></span> <span class='ocrx_word' id='word_1_28' title='bbox 698 717 726 775; x_wconf 88' lang='lat' dir='ltr'><strong>ci</strong></span> <span class='ocrx_word' id='word_1_29' title='bbox 752 717 936 794; x_wconf 79' lang='lat' dir='ltr'><strong>principatus</strong></span> <span class='ocrx_word' id='word_1_30' title='bbox 963 723 994 775; x_wconf 88' lang='lat' dir='ltr'><strong>et</strong></span> <span class='ocrx_word' id='word_1_31' title='bbox 1020 722 1199 794; x_wconf 82' lang='lat' dir='ltr'><strong>potestatcs3</strong></span> <span class='ocrx_word' id='word_1_32' title='bbox 1238 716 1346 792; x_wconf 78' lang='lat' dir='ltr'>detque</span> 
     </span>
     <span class='ocr_line' id='line_1_5' title="bbox 138 796 1345 876; baseline -0.001 -21"><span class='ocrx_word' id='word_1_33' title='bbox 138 799 224 856; x_wconf 89' lang='lat' dir='ltr'><strong>nobis</strong></span> <span class='ocrx_word' id='word_1_34' title='bbox 241 799 374 875; x_wconf 76' lang='lat' dir='ltr'><strong>quietam</strong></span> <span class='ocrx_word' id='word_1_35' title='bbox 392 805 423 856; x_wconf 88' lang='lat' dir='ltr'><strong>et</strong></span> <span class='ocrx_word' id='word_1_36' title='bbox 436 798 628 875; x_wconf 89' lang='lat' dir='ltr'><strong>tranquillam</strong></span> <span class='ocrx_word' id='word_1_37' title='bbox 639 799 732 856; x_wconf 88' lang='lat' dir='ltr'><strong>vitam</strong></span> <span class='ocrx_word' id='word_1_38' title='bbox 747 798 921 876; x_wconf 81' lang='lat' dir='ltr'><strong>degentibus</strong></span> <span class='ocrx_word' id='word_1_39' title='bbox 933 797 1097 876; x_wconf 75' lang='lat' dir='ltr'><strong>glorificens</strong></span> <span class='ocrx_word' id='word_1_40' title='bbox 1111 797 1212 855; x_wconf 88' lang='lat' dir='ltr'><strong>Deum</strong></span> <span class='ocrx_word' id='word_1_41' title='bbox 1225 796 1345 855; x_wconf 83' lang='lat' dir='ltr'><strong>Patrem</strong></span> 
     </span>
     <span class='ocr_line' id='line_1_6' title="bbox 138 878 379 955; baseline 0.004 -19"><span class='ocrx_word' id='word_1_42' title='bbox 138 878 379 955; x_wconf 83' lang='lat' dir='ltr'><strong>omnipotentem.</strong></span> 
     </span>
    </p>

    <p class='ocr_par' dir='ltr' id='par_1_4' title="bbox 200 958 824 1038">
     <span class='ocr_line' id='line_1_7' title="bbox 200 958 824 1038; baseline -0.003 -19"><span class='ocrx_word' id='word_1_43' title='bbox 200 960 333 1019; x_wconf 80' lang='lat' dir='ltr'><strong>Oremus.</strong></span> <span class='ocrx_word' id='word_1_44' title='bbox 377 960 545 1019; x_wconf 87' lang='lat' dir='ltr'><strong>Flectamus</strong></span> <span class='ocrx_word' id='word_1_45' title='bbox 558 979 661 1038; x_wconf 82' lang='lat' dir='ltr'><strong>genua.</strong></span> <span class='ocrx_word' id='word_1_46' title='bbox 705 958 824 1018; x_wconf 85' lang='lat' dir='ltr'><strong>Levate.</strong></span> 
     </span>
    </p>
   </div>
   <div class='ocr_carea' id='block_1_4' title="bbox 135 1059 1348 1878">
    <p class='ocr_par' dir='ltr' id='par_1_5' title="bbox 201 1059 311 1119">
     <span class='ocr_line' id='line_1_8' title="bbox 201 1059 311 1119; baseline 0.009 -1"><span class='ocrx_word' id='word_1_47' title='bbox 201 1059 311 1119; x_wconf 82' lang='lat' dir='ltr'><strong>Oratio.</strong></span> 
     </span>
    </p>

    <p class='ocr_par' dir='ltr' id='par_1_6' title="bbox 137 1137 1348 1443">
     <span class='ocr_line' id='line_1_9' title="bbox 199 1137 1346 1219; baseline 0.001 -21"><span class='ocrx_word' id='word_1_48' title='bbox 199 1141 394 1218; x_wconf 81' lang='lat' dir='ltr'><strong>Omnipotens</strong></span> <span class='ocrx_word' id='word_1_49' title='bbox 407 1141 585 1219; x_wconf 81' lang='lat' dir='ltr'><strong>sempiterne</strong></span> <span class='ocrx_word' id='word_1_50' title='bbox 598 1140 689 1212; x_wconf 87' lang='lat' dir='ltr'><strong>Deus,</strong></span> <span class='ocrx_word' id='word_1_51' title='bbox 705 1140 758 1217; x_wconf 92' lang='lat' dir='ltr'><strong>qui</strong></span> <span class='ocrx_word' id='word_1_52' title='bbox 778 1140 904 1218; x_wconf 80' lang='lat' dir='ltr'><strong>gloriam</strong></span> <span class='ocrx_word' id='word_1_53' title='bbox 924 1146 1008 1199; x_wconf 87' lang='lat' dir='ltr'><strong>tuam</strong></span> <span class='ocrx_word' id='word_1_54' title='bbox 1022 1139 1160 1199; x_wconf 89' lang='lat' dir='ltr'><strong>omnibus</strong></span> <span class='ocrx_word' id='word_1_55' title='bbox 1177 1138 1212 1198; x_wconf 88' lang='lat' dir='ltr'><strong>in</strong></span> <span class='ocrx_word' id='word_1_56' title='bbox 1226 1137 1346 1199; x_wconf 75' lang='lat' dir='ltr'><strong>Christo</strong></span> 
     </span>
     <span class='ocr_line' id='line_1_10' title="bbox 137 1220 1346 1299; baseline -0.001 -21"><span class='ocrx_word' id='word_1_57' title='bbox 137 1222 276 1299; x_wconf 83' lang='lat' dir='ltr'><strong>gentibus</strong></span> <span class='ocrx_word' id='word_1_58' title='bbox 297 1223 444 1293; x_wconf 85' lang='lat' dir='ltr'><strong>revelasti,</strong></span> <span class='ocrx_word' id='word_1_59' title='bbox 465 1221 580 1280; x_wconf 90' lang='lat' dir='ltr'><strong>custodi</strong></span> <span class='ocrx_word' id='word_1_60' title='bbox 593 1240 682 1297; x_wconf 88' lang='lat' dir='ltr'><strong>opera</strong></span> <span class='ocrx_word' id='word_1_61' title='bbox 696 1221 901 1280; x_wconf 82' lang='lat' dir='ltr'><strong>misericordiae</strong></span> <span class='ocrx_word' id='word_1_62' title='bbox 915 1228 994 1294; x_wconf 76' lang='lat' dir='ltr'><strong>tuse,</strong></span> <span class='ocrx_word' id='word_1_63' title='bbox 1013 1228 1049 1279; x_wconf 94' lang='lat' dir='ltr'><strong>ut</strong></span> <span class='ocrx_word' id='word_1_64' title='bbox 1064 1220 1196 1279; x_wconf 80' lang='lat' dir='ltr'><strong>Ecclesia</strong></span> <span class='ocrx_word' id='word_1_65' title='bbox 1209 1227 1273 1294; x_wconf 84' lang='lat' dir='ltr'><strong>tua,</strong></span> <span class='ocrx_word' id='word_1_66' title='bbox 1283 1226 1346 1278; x_wconf 83' lang='lat' dir='ltr'><strong>toto</strong></span> 
     </span>
     <span class='ocr_line' id='line_1_11' title="bbox 139 1301 1348 1379; baseline -0.001 -19"><span class='ocrx_word' id='word_1_67' title='bbox 139 1303 208 1361; x_wconf 89' lang='lat' dir='ltr'><strong>orbs</strong></span> <span class='ocrx_word' id='word_1_68' title='bbox 232 1303 346 1375; x_wconf 82' lang='lat' dir='ltr'><strong>diffusa,</strong></span> <span class='ocrx_word' id='word_1_69' title='bbox 370 1303 472 1361; x_wconf 86' lang='lat' dir='ltr'><strong>stabili</strong></span> <span class='ocrx_word' id='word_1_70' title='bbox 495 1302 552 1360; x_wconf 88' lang='lat' dir='ltr'><strong>fide</strong></span> <span class='ocrx_word' id='word_1_71' title='bbox 575 1303 609 1359; x_wconf 87' lang='lat' dir='ltr'><strong>in</strong></span> <span class='ocrx_word' id='word_1_72' title='bbox 632 1303 811 1360; x_wconf 82' lang='lat' dir='ltr'><strong>confessione</strong></span> <span class='ocrx_word' id='word_1_73' title='bbox 835 1303 883 1360; x_wconf 93' lang='lat' dir='ltr'><strong>tui</strong></span> <span class='ocrx_word' id='word_1_74' title='bbox 905 1302 1034 1361; x_wconf 91' lang='lat' dir='ltr'><strong>nominis</strong></span> <span class='ocrx_word' id='word_1_75' title='bbox 1057 1308 1234 1379; x_wconf 85' lang='lat' dir='ltr'><strong>perseveret.</strong></span> <span class='ocrx_word' id='word_1_76' title='bbox 1290 1301 1348 1360; x_wconf 90' lang='lat' dir='ltr'><strong>Per</strong></span> 
     </span>
     <span class='ocr_line' id='line_1_12' title="bbox 140 1383 1039 1443; baseline 0.007 -2"><span class='ocrx_word' id='word_1_77' title='bbox 140 1383 266 1442; x_wconf 89' lang='lat' dir='ltr'><strong>eundem</strong></span> <span class='ocrx_word' id='word_1_78' title='bbox 281 1385 453 1443; x_wconf 88' lang='lat' dir='ltr'><strong>Dominum.</strong></span> <span class='ocrx_word' id='word_1_79' title='bbox 1034 1430 1039 1440; x_wconf 83' lang='lat'><em>·</em></span> 
     </span>
    </p>

    <p class='ocr_par' dir='ltr' id='par_1_7' title="bbox 200 1476 310 1536">
     <span class='ocr_line' id='line_1_13' title="bbox 200 1476 310 1536; baseline 0.009 -1"><span class='ocrx_word' id='word_1_80' title='bbox 200 1476 310 1536; x_wconf 78' lang='lat' dir='ltr'><strong>Oratio.</strong></span> 
     </span>
    </p>

    <p class='ocr_par' dir='ltr' id='par_1_8' title="bbox 135 1556 1348 1797">
     <span class='ocr_line' id='line_1_14' title="bbox 198 1556 1346 1635; baseline -0.002 -18"><span class='ocrx_word' id='word_1_81' title='bbox 198 1558 325 1617; x_wconf 86' lang='lat' dir='ltr'><strong>Oremus</strong></span> <span class='ocrx_word' id='word_1_82' title='bbox 336 1564 366 1617; x_wconf 90' lang='lat' dir='ltr'><strong>et</strong></span> <span class='ocrx_word' id='word_1_83' title='bbox 376 1577 430 1635; x_wconf 93' lang='lat' dir='ltr'><strong>pro</strong></span> <span class='ocrx_word' id='word_1_84' title='bbox 440 1557 612 1616; x_wconf 86' lang='lat' dir='ltr'><strong>beatissimo</strong></span> <span class='ocrx_word' id='word_1_85' title='bbox 622 1557 704 1635; x_wconf 88' lang='lat' dir='ltr'><strong>Papa</strong></span> <span class='ocrx_word' id='word_1_86' title='bbox 713 1564 815 1616; x_wconf 91' lang='lat' dir='ltr'><strong>nostro</strong></span> <span class='ocrx_word' id='word_1_87' title='bbox 824 1557 863 1617; x_wconf 89' lang='lat' dir='ltr'><strong>N.</strong></span> <span class='ocrx_word' id='word_1_88' title='bbox 872 1577 881 1631; x_wconf 78' lang='lat'>3</span> <span class='ocrx_word' id='word_1_89' title='bbox 894 1564 930 1616; x_wconf 93' lang='lat' dir='ltr'><strong>ut</strong></span> <span class='ocrx_word' id='word_1_90' title='bbox 941 1558 1024 1616; x_wconf 89' lang='lat' dir='ltr'><strong>Deus</strong></span> <span class='ocrx_word' id='word_1_91' title='bbox 1036 1563 1068 1616; x_wconf 88' lang='lat' dir='ltr'><strong>et</strong></span> <span class='ocrx_word' id='word_1_92' title='bbox 1077 1556 1229 1617; x_wconf 86' lang='lat' dir='ltr'><strong>Dominus</strong></span> <span class='ocrx_word' id='word_1_93' title='bbox 1237 1561 1346 1629; x_wconf 83' lang='lat' dir='ltr'><strong>noster,</strong></span> 
     </span>
     <span class='ocr_line' id='line_1_15' title="bbox 135 1637 1348 1716; baseline 0.002 -21"><span class='ocrx_word' id='word_1_94' title='bbox 135 1639 190 1714; x_wconf 87' lang='lat' dir='ltr'><strong>qui</strong></span> <span class='ocrx_word' id='word_1_95' title='bbox 206 1639 295 1716; x_wconf 83' lang='lat' dir='ltr'><strong>elegit</strong></span> <span class='ocrx_word' id='word_1_96' title='bbox 312 1658 381 1696; x_wconf 89' lang='lat' dir='ltr'><strong>eum</strong></span> <span class='ocrx_word' id='word_1_97' title='bbox 394 1639 427 1696; x_wconf 93' lang='lat' dir='ltr'><strong>in</strong></span> <span class='ocrx_word' id='word_1_98' title='bbox 440 1639 544 1696; x_wconf 86' lang='lat' dir='ltr'><strong>ordine</strong></span> <span class='ocrx_word' id='word_1_99' title='bbox 558 1638 758 1715; x_wconf 86' lang='lat' dir='ltr'><strong>Episcopatus,</strong></span> <span class='ocrx_word' id='word_1_100' title='bbox 774 1639 889 1697; x_wconf 89' lang='lat' dir='ltr'><strong>salvum</strong></span> <span class='ocrx_word' id='word_1_101' title='bbox 903 1645 993 1716; x_wconf 82' lang='lat' dir='ltr'><strong>atque</strong></span> <span class='ocrx_word' id='word_1_102' title='bbox 1006 1639 1186 1697; x_wconf 89' lang='lat' dir='ltr'><strong>incolumem</strong></span> <span class='ocrx_word' id='word_1_103' title='bbox 1200 1637 1348 1699; x_wconf 80' lang='lat' dir='ltr'><strong>custodiat</strong></span> 
     </span>
     <span class='ocr_line' id='line_1_16' title="bbox 138 1718 1082 1797; baseline 0.002 -21"><span class='ocrx_word' id='word_1_104' title='bbox 138 1718 276 1777; x_wconf 77' lang='lat' dir='ltr'><strong>Ecclesia</strong></span> <span class='ocrx_word' id='word_1_105' title='bbox 289 1739 349 1778; x_wconf 84' lang='lat' dir='ltr'><strong>suae</strong></span> <span class='ocrx_word' id='word_1_106' title='bbox 363 1726 470 1778; x_wconf 75' lang='lat' dir='ltr'><strong>sancta</strong></span> <span class='ocrx_word' id='word_1_107' title='bbox 483 1720 521 1777; x_wconf 87' lang='lat' dir='ltr'><strong>ad</strong></span> <span class='ocrx_word' id='word_1_108' title='bbox 535 1720 696 1796; x_wconf 83' lang='lat' dir='ltr'><strong>regendum</strong></span> <span class='ocrx_word' id='word_1_109' title='bbox 710 1721 853 1797; x_wconf 88' lang='lat' dir='ltr'><strong>populum</strong></span> <span class='ocrx_word' id='word_1_110' title='bbox 866 1728 1001 1779; x_wconf 88' lang='lat' dir='ltr'><strong>sanctum</strong></span> <span class='ocrx_word' id='word_1_111' title='bbox 1015 1720 1082 1778; x_wconf 88' lang='lat' dir='ltr'><strong>Dci.</strong></span> 
     </span>
    </p>

    <p class='ocr_par' dir='ltr' id='par_1_9' title="bbox 199 1800 825 1878">
     <span class='ocr_line' id='line_1_17' title="bbox 199 1800 825 1878; baseline 0 -19"><span class='ocrx_word' id='word_1_112' title='bbox 199 1800 332 1860; x_wconf 77' lang='lat' dir='ltr'><strong>Oremus.</strong></span> <span class='ocrx_word' id='word_1_113' title='bbox 376 1801 544 1859; x_wconf 82' lang='lat' dir='ltr'><strong>Flectamus</strong></span> <span class='ocrx_word' id='word_1_114' title='bbox 558 1820 662 1878; x_wconf 82' lang='lat' dir='ltr'><strong>genua.</strong></span> <span class='ocrx_word' id='word_1_115' title='bbox 705 1801 825 1860; x_wconf 88' lang='lat' dir='ltr'><strong>Levate.</strong></span> 
     </span>
    </p>
   </div>
   <div class='ocr_carea' id='block_1_5' title="bbox 135 1897 1352 2734">
    <p class='ocr_par' dir='ltr' id='par_1_10' title="bbox 200 1897 310 1958">
     <span class='ocr_line' id='line_1_18' title="bbox 200 1897 310 1958; baseline 0.018 -2"><span class='ocrx_word' id='word_1_116' title='bbox 200 1897 310 1958; x_wconf 80' lang='lat' dir='ltr'><strong>Oratio.</strong></span> 
     </span>
    </p>

    <p class='ocr_par' dir='ltr' id='par_1_11' title="bbox 136 1977 1351 2300">
     <span class='ocr_line' id='line_1_19' title="bbox 199 1977 1349 2056; baseline 0.001 -19"><span class='ocrx_word' id='word_1_117' title='bbox 199 1978 394 2056; x_wconf 87' lang='lat' dir='ltr'><strong>Omnipotens</strong></span> <span class='ocrx_word' id='word_1_118' title='bbox 420 1979 599 2055; x_wconf 86' lang='lat' dir='ltr'><strong>sempiterne</strong></span> <span class='ocrx_word' id='word_1_119' title='bbox 626 1979 717 2051; x_wconf 88' lang='lat' dir='ltr'><strong>Deus,</strong></span> <span class='ocrx_word' id='word_1_120' title='bbox 747 1979 831 2055; x_wconf 90' lang='lat' dir='ltr'><strong>cujus</strong></span> <span class='ocrx_word' id='word_1_121' title='bbox 852 1977 968 2055; x_wconf 86' lang='lat' dir='ltr'><strong>judicio</strong></span> <span class='ocrx_word' id='word_1_122' title='bbox 994 1978 1133 2037; x_wconf 87' lang='lat' dir='ltr'><strong>universa</strong></span> <span class='ocrx_word' id='word_1_123' title='bbox 1158 1977 1349 2051; x_wconf 86' lang='lat' dir='ltr'><strong>fundantur;</strong></span> 
     </span>
     <span class='ocr_line' id='line_1_20' title="bbox 137 2058 1351 2138; baseline 0.002 -22"><span class='ocrx_word' id='word_1_124' title='bbox 137 2059 248 2135; x_wconf 86' lang='lat' dir='ltr'><strong>respice</strong></span> <span class='ocrx_word' id='word_1_125' title='bbox 271 2060 418 2138; x_wconf 89' lang='lat' dir='ltr'><strong>propitius</strong></span> <span class='ocrx_word' id='word_1_126' title='bbox 439 2060 477 2118; x_wconf 88' lang='lat' dir='ltr'><strong>ad</strong></span> <span class='ocrx_word' id='word_1_127' title='bbox 501 2079 600 2136; x_wconf 88' lang='lat' dir='ltr'><strong>preces</strong></span> <span class='ocrx_word' id='word_1_128' title='bbox 622 2067 737 2118; x_wconf 86' lang='lat' dir='ltr'><strong>nostras</strong></span> <span class='ocrx_word' id='word_1_129' title='bbox 747 2079 756 2131; x_wconf 91' lang='lat'>;</span> <span class='ocrx_word' id='word_1_130' title='bbox 784 2067 815 2118; x_wconf 91' lang='lat' dir='ltr'><strong>et</strong></span> <span class='ocrx_word' id='word_1_131' title='bbox 838 2058 964 2117; x_wconf 86' lang='lat' dir='ltr'><strong>electum</strong></span> <span class='ocrx_word' id='word_1_132' title='bbox 985 2059 1071 2119; x_wconf 90' lang='lat' dir='ltr'><strong>nobis</strong></span> <span class='ocrx_word' id='word_1_133' title='bbox 1092 2059 1277 2118; x_wconf 86' lang='lat' dir='ltr'><strong>Antistitem</strong></span> <span class='ocrx_word' id='word_1_134' title='bbox 1298 2065 1351 2119; x_wconf 85' lang='lat' dir='ltr'><strong>tua</strong></span> 
     </span>
     <span class='ocr_line' id='line_1_21' title="bbox 138 2140 1351 2219; baseline 0.001 -22"><span class='ocrx_word' id='word_1_135' title='bbox 138 2141 249 2216; x_wconf 86' lang='lat' dir='ltr'><strong>pietate</strong></span> <span class='ocrx_word' id='word_1_136' title='bbox 262 2160 420 2213; x_wconf 79' lang='lat' dir='ltr'><strong>conserva3</strong></span> <span class='ocrx_word' id='word_1_137' title='bbox 444 2146 480 2198; x_wconf 91' lang='lat' dir='ltr'><strong>ut</strong></span> <span class='ocrx_word' id='word_1_138' title='bbox 501 2141 670 2198; x_wconf 85' lang='lat' dir='ltr'><strong>Christiana</strong></span> <span class='ocrx_word' id='word_1_139' title='bbox 690 2141 781 2218; x_wconf 90' lang='lat' dir='ltr'><strong>plebs,</strong></span> <span class='ocrx_word' id='word_1_140' title='bbox 797 2160 862 2218; x_wconf 80' lang='lat' dir='ltr'><strong>quae</strong></span> <span class='ocrx_word' id='word_1_141' title='bbox 877 2141 932 2198; x_wconf 86' lang='lat' dir='ltr'><strong>tali</strong></span> <span class='ocrx_word' id='word_1_142' title='bbox 951 2142 1137 2219; x_wconf 81' lang='lat' dir='ltr'><strong>gubernatur</strong></span> <span class='ocrx_word' id='word_1_143' title='bbox 1149 2146 1282 2215; x_wconf 88' lang='lat' dir='ltr'><strong>auctore,</strong></span> <span class='ocrx_word' id='word_1_144' title='bbox 1296 2140 1351 2201; x_wconf 76' lang='lat' dir='ltr'><strong>stab</strong></span> 
     </span>
     <span class='ocr_line' id='line_1_22' title="bbox 136 2221 1235 2300; baseline 0.002 -21"><span class='ocrx_word' id='word_1_145' title='bbox 136 2228 222 2279; x_wconf 85' lang='lat' dir='ltr'><strong>tanto</strong></span> <span class='ocrx_word' id='word_1_146' title='bbox 236 2221 381 2281; x_wconf 84' lang='lat' dir='ltr'><strong>Pontifice</strong></span> <span class='ocrx_word' id='word_1_147' title='bbox 395 2221 579 2281; x_wconf 81' lang='lat' dir='ltr'><strong>credulitatis</strong></span> <span class='ocrx_word' id='word_1_148' title='bbox 593 2241 653 2280; x_wconf 83' lang='lat' dir='ltr'><strong>suae</strong></span> <span class='ocrx_word' id='word_1_149' title='bbox 665 2222 779 2280; x_wconf 87' lang='lat' dir='ltr'><strong>meritis</strong></span> <span class='ocrx_word' id='word_1_150' title='bbox 792 2228 943 2300; x_wconf 84' lang='lat' dir='ltr'><strong>augeatur.</strong></span> <span class='ocrx_word' id='word_1_151' title='bbox 987 2221 1047 2280; x_wconf 90' lang='lat' dir='ltr'><strong>Per</strong></span> <span class='ocrx_word' id='word_1_152' title='bbox 1060 2222 1235 2281; x_wconf 88' lang='lat' dir='ltr'><strong>Dominum.</strong></span> 
     </span>
    </p>

    <p class='ocr_par' dir='ltr' id='par_1_12' title="bbox 200 2316 308 2376">
     <span class='ocr_line' id='line_1_23' title="bbox 200 2316 308 2376; baseline 0.009 -1"><span class='ocrx_word' id='word_1_153' title='bbox 200 2316 308 2376; x_wconf 79' lang='lat' dir='ltr'><strong>Oratio.</strong></span> 
     </span>
    </p>

    <p class='ocr_par' dir='ltr' id='par_1_13' title="bbox 135 2398 1352 2639">
     <span class='ocr_line' id='line_1_24' title="bbox 198 2398 1352 2477; baseline 0.003 -20"><span class='ocrx_word' id='word_1_154' title='bbox 198 2398 323 2457; x_wconf 91' lang='lat' dir='ltr'><strong>Oremus</strong></span> <span class='ocrx_word' id='word_1_155' title='bbox 344 2406 376 2458; x_wconf 91' lang='lat' dir='ltr'><strong>ct</strong></span> <span class='ocrx_word' id='word_1_156' title='bbox 396 2420 450 2477; x_wconf 89' lang='lat' dir='ltr'><strong>pro</strong></span> <span class='ocrx_word' id='word_1_157' title='bbox 470 2399 609 2458; x_wconf 89' lang='lat' dir='ltr'><strong>omnibus</strong></span> <span class='ocrx_word' id='word_1_158' title='bbox 626 2399 787 2477; x_wconf 87' lang='lat' dir='ltr'><strong>Episcopis,</strong></span> <span class='ocrx_word' id='word_1_159' title='bbox 804 2399 997 2477; x_wconf 86' lang='lat' dir='ltr'><strong>Presbyteris,</strong></span> <span class='ocrx_word' id='word_1_160' title='bbox 1014 2400 1207 2473; x_wconf 89' lang='lat' dir='ltr'><strong>Diaconibus,</strong></span> <span class='ocrx_word' id='word_1_161' title='bbox 1223 2400 1352 2461; x_wconf 76' lang='lat' dir='ltr'><strong>Subdiu·</strong></span> 
     </span>
     <span class='ocr_line' id='line_1_25' title="bbox 135 2480 1352 2556; baseline 0.005 -20"><span class='ocrx_word' id='word_1_162' title='bbox 135 2480 268 2551; x_wconf 84' lang='lat' dir='ltr'><strong>canibus,</strong></span> <span class='ocrx_word' id='word_1_163' title='bbox 287 2480 455 2556; x_wconf 82' lang='lat' dir='ltr'><strong>Aoolythis,</strong></span> <span class='ocrx_word' id='word_1_164' title='bbox 474 2481 646 2554; x_wconf 81' lang='lat' dir='ltr'><strong>Exercistis,</strong></span> <span class='ocrx_word' id='word_1_165' title='bbox 665 2481 846 2553; x_wconf 88' lang='lat' dir='ltr'><strong>Lectoribus‚</strong></span> <span class='ocrx_word' id='word_1_166' title='bbox 868 2481 1013 2555; x_wconf 86' lang='lat' dir='ltr'><strong>Ostiariis,</strong></span> <span class='ocrx_word' id='word_1_167' title='bbox 1030 2480 1264 2556; x_wconf 78' lang='lat' dir='ltr'><strong>confessoribus,</strong></span> <span class='ocrx_word' id='word_1_168' title='bbox 1281 2482 1352 2542; x_wconf 87' lang='lat' dir='ltr'><strong>Vir-</strong></span> 
     </span>
     <span class='ocr_line' id='line_1_26' title="bbox 136 2561 925 2639; baseline 0.003 -21"><span class='ocrx_word' id='word_1_169' title='bbox 136 2561 263 2638; x_wconf 81' lang='lat' dir='ltr'><strong>ginibus,</strong></span> <span class='ocrx_word' id='word_1_170' title='bbox 279 2561 397 2634; x_wconf 81' lang='lat' dir='ltr'><strong>viduis,</strong></span> <span class='ocrx_word' id='word_1_171' title='bbox 414 2569 445 2620; x_wconf 88' lang='lat' dir='ltr'><strong>et</strong></span> <span class='ocrx_word' id='word_1_172' title='bbox 458 2582 511 2638; x_wconf 89' lang='lat' dir='ltr'><strong>pro</strong></span> <span class='ocrx_word' id='word_1_173' title='bbox 526 2563 607 2619; x_wconf 91' lang='lat' dir='ltr'><strong>omni</strong></span> <span class='ocrx_word' id='word_1_174' title='bbox 621 2562 730 2639; x_wconf 91' lang='lat' dir='ltr'><strong>populo</strong></span> <span class='ocrx_word' id='word_1_175' title='bbox 743 2570 845 2619; x_wconf 87' lang='lat' dir='ltr'><strong>sancto</strong></span> <span class='ocrx_word' id='word_1_176' title='bbox 860 2562 925 2620; x_wconf 90' lang='lat' dir='ltr'><strong>Dei.</strong></span> 
     </span>
    </p>

    <p class='ocr_par' dir='ltr' id='par_1_14' title="bbox 198 2655 825 2734">
     <span class='ocr_line' id='line_1_27' title="bbox 198 2655 825 2734; baseline 0.002 -21"><span class='ocrx_word' id='word_1_177' title='bbox 198 2656 332 2715; x_wconf 88' lang='lat' dir='ltr'><strong>Oramus.</strong></span> <span class='ocrx_word' id='word_1_178' title='bbox 376 2656 545 2714; x_wconf 82' lang='lat' dir='ltr'><strong>Flectamus</strong></span> <span class='ocrx_word' id='word_1_179' title='bbox 558 2676 661 2734; x_wconf 80' lang='lat' dir='ltr'><strong>genua.</strong></span> <span class='ocrx_word' id='word_1_180' title='bbox 705 2655 825 2714; x_wconf 71' lang='lat' dir='ltr'><strong>Iavate.</strong></span> 
     </span>
    </p>
   </div>
   <div class='ocr_carea' id='block_1_6' title="bbox 134 2752 1354 3576">
    <p class='ocr_par' dir='ltr' id='par_1_15' title="bbox 198 2752 308 2812">
     <span class='ocr_line' id='line_1_28' title="bbox 198 2752 308 2812; baseline -0.009 0"><span class='ocrx_word' id='word_1_181' title='bbox 198 2752 308 2812; x_wconf 84' lang='lat' dir='ltr'><strong>Oratio.</strong></span> 
     </span>
    </p>

    <p class='ocr_par' dir='ltr' id='par_1_16' title="bbox 134 2833 1353 3154">
     <span class='ocr_line' id='line_1_29' title="bbox 197 2833 1352 2912; baseline 0.002 -20"><span class='ocrx_word' id='word_1_182' title='bbox 197 2835 392 2910; x_wconf 88' lang='lat' dir='ltr'><strong>Omnipotens</strong></span> <span class='ocrx_word' id='word_1_183' title='bbox 413 2835 591 2912; x_wconf 86' lang='lat' dir='ltr'><strong>sempiterne</strong></span> <span class='ocrx_word' id='word_1_184' title='bbox 612 2834 703 2906; x_wconf 88' lang='lat' dir='ltr'><strong>Deus,</strong></span> <span class='ocrx_word' id='word_1_185' title='bbox 722 2835 806 2910; x_wconf 87' lang='lat' dir='ltr'><strong>cujus</strong></span> <span class='ocrx_word' id='word_1_186' title='bbox 827 2833 941 2909; x_wconf 86' lang='lat' dir='ltr'><strong>Spiritu</strong></span> <span class='ocrx_word' id='word_1_187' title='bbox 962 2839 1059 2892; x_wconf 90' lang='lat' dir='ltr'><strong>totum</strong></span> <span class='ocrx_word' id='word_1_188' title='bbox 1081 2854 1187 2911; x_wconf 87' lang='lat' dir='ltr'><strong>corpus</strong></span> <span class='ocrx_word' id='word_1_189' title='bbox 1209 2834 1352 2894; x_wconf 70' lang='lat' dir='ltr'><strong>Ecclesia</strong></span> 
     </span>
     <span class='ocr_line' id='line_1_30' title="bbox 134 2915 1352 2993; baseline 0.002 -20"><span class='ocrx_word' id='word_1_190' title='bbox 134 2918 335 2973; x_wconf 86' lang='lat' dir='ltr'><strong>sanctificatur</strong></span> <span class='ocrx_word' id='word_1_191' title='bbox 356 2923 386 2973; x_wconf 90' lang='lat' dir='ltr'><strong>et</strong></span> <span class='ocrx_word' id='word_1_192' title='bbox 409 2917 530 2993; x_wconf 84' lang='lat' dir='ltr'><strong>regitur,</strong></span> <span class='ocrx_word' id='word_1_193' title='bbox 546 2916 654 2973; x_wconf 80' lang='lat' dir='ltr'><strong>exaudi</strong></span> <span class='ocrx_word' id='word_1_194' title='bbox 668 2935 722 2971; x_wconf 89' lang='lat' dir='ltr'><strong>nos</strong></span> <span class='ocrx_word' id='word_1_195' title='bbox 737 2935 789 2988; x_wconf 86' lang='lat' dir='ltr'><strong>pro</strong></span> <span class='ocrx_word' id='word_1_196' title='bbox 803 2915 948 2972; x_wconf 84' lang='lat' dir='ltr'><strong>universis</strong></span> <span class='ocrx_word' id='word_1_197' title='bbox 962 2915 1116 2973; x_wconf 88' lang='lat' dir='ltr'><strong>ordinibus</strong></span> <span class='ocrx_word' id='word_1_198' title='bbox 1129 2917 1352 2992; x_wconf 79' lang='lat' dir='ltr'><strong>supplicantes:</strong></span> 
     </span>
     <span class='ocr_line' id='line_1_31' title="bbox 135 2996 1353 3074; baseline 0.001 -20"><span class='ocrx_word' id='word_1_199' title='bbox 135 3005 171 3054; x_wconf 91' lang='lat' dir='ltr'><strong>ut</strong></span> <span class='ocrx_word' id='word_1_200' title='bbox 188 2998 290 3074; x_wconf 73' lang='lat' dir='ltr'><strong>gratiae</strong></span> <span class='ocrx_word' id='word_1_201' title='bbox 304 3004 365 3054; x_wconf 80' lang='lat' dir='ltr'><strong>ture</strong></span> <span class='ocrx_word' id='word_1_202' title='bbox 378 3016 501 3054; x_wconf 87' lang='lat' dir='ltr'><strong>munere</strong></span> <span class='ocrx_word' id='word_1_203' title='bbox 515 2998 553 3053; x_wconf 90' lang='lat' dir='ltr'><strong>ab</strong></span> <span class='ocrx_word' id='word_1_204' title='bbox 567 2997 705 3054; x_wconf 88' lang='lat' dir='ltr'><strong>omnibus</strong></span> <span class='ocrx_word' id='word_1_205' title='bbox 719 2997 776 3053; x_wconf 90' lang='lat' dir='ltr'><strong>tibi</strong></span> <span class='ocrx_word' id='word_1_206' title='bbox 794 2996 934 3072; x_wconf 81' lang='lat' dir='ltr'><strong>gradibus</strong></span> <span class='ocrx_word' id='word_1_207' title='bbox 948 2996 1076 3054; x_wconf 88' lang='lat' dir='ltr'><strong>fideliter</strong></span> <span class='ocrx_word' id='word_1_208' title='bbox 1089 2997 1247 3056; x_wconf 87' lang='lat' dir='ltr'><strong>serviatur.</strong></span> <span class='ocrx_word' id='word_1_209' title='bbox 1294 2998 1353 3057; x_wconf 87' lang='lat' dir='ltr'><strong>Per</strong></span> 
     </span>
     <span class='ocr_line' id='line_1_32' title="bbox 138 3077 677 3154; baseline 0.006 -20"><span class='ocrx_word' id='word_1_210' title='bbox 138 3077 310 3137; x_wconf 90' lang='lat' dir='ltr'><strong>Dominum.</strong></span> <span class='ocrx_word' id='word_1_211' title='bbox 354 3077 394 3134; x_wconf 93' lang='lat' dir='ltr'><strong>In</strong></span> <span class='ocrx_word' id='word_1_212' title='bbox 409 3078 524 3136; x_wconf 87' lang='lat' dir='ltr'><strong>unitate</strong></span> <span class='ocrx_word' id='word_1_213' title='bbox 538 3079 677 3154; x_wconf 84' lang='lat' dir='ltr'><strong>ejusdcm.</strong></span> 
     </span>
    </p>

    <p class='ocr_par' dir='ltr' id='par_1_17' title="bbox 200 3174 309 3233">
     <span class='ocr_line' id='line_1_33' title="bbox 200 3174 309 3233; baseline -0.018 0"><span class='ocrx_word' id='word_1_214' title='bbox 200 3174 309 3233; x_wconf 82' lang='lat' dir='ltr'><strong>Oratio.</strong></span> 
     </span>
    </p>

    <p class='ocr_par' dir='ltr' id='par_1_18' title="bbox 137 3253 1354 3494">
     <span class='ocr_line' id='line_1_34' title="bbox 198 3253 1354 3331; baseline 0.003 -18"><span class='ocrx_word' id='word_1_215' title='bbox 198 3256 324 3313; x_wconf 90' lang='lat' dir='ltr'><strong>Oremus</strong></span> <span class='ocrx_word' id='word_1_216' title='bbox 338 3260 369 3312; x_wconf 87' lang='lat' dir='ltr'><strong>et</strong></span> <span class='ocrx_word' id='word_1_217' title='bbox 385 3274 439 3331; x_wconf 89' lang='lat' dir='ltr'><strong>pro</strong></span> <span class='ocrx_word' id='word_1_218' title='bbox 453 3254 703 3313; x_wconf 70' lang='lat' dir='ltr'><strong>christianissimo</strong></span> <span class='ocrx_word' id='word_1_219' title='bbox 714 3254 796 3330; x_wconf 85' lang='lat' dir='ltr'><strong>Rege</strong></span> <span class='ocrx_word' id='word_1_220' title='bbox 806 3260 908 3312; x_wconf 91' lang='lat' dir='ltr'><strong>nostro</strong></span> <span class='ocrx_word' id='word_1_221' title='bbox 923 3253 962 3312; x_wconf 89' lang='lat' dir='ltr'><strong>N.</strong></span> <span class='ocrx_word' id='word_1_222' title='bbox 969 3274 979 3327; x_wconf 83' lang='lat'>3</span> <span class='ocrx_word' id='word_1_223' title='bbox 1001 3260 1036 3313; x_wconf 93' lang='lat' dir='ltr'><strong>ut</strong></span> <span class='ocrx_word' id='word_1_224' title='bbox 1051 3255 1133 3313; x_wconf 90' lang='lat' dir='ltr'><strong>Deus</strong></span> <span class='ocrx_word' id='word_1_225' title='bbox 1150 3261 1182 3314; x_wconf 90' lang='lat' dir='ltr'><strong>et</strong></span> <span class='ocrx_word' id='word_1_226' title='bbox 1201 3257 1354 3317; x_wconf 88' lang='lat' dir='ltr'><strong>Dominus</strong></span> 
     </span>
     <span class='ocr_line' id='line_1_35' title="bbox 137 3330 1354 3417; baseline 0.005 -25"><span class='ocrx_word' id='word_1_227' title='bbox 137 3344 239 3393; x_wconf 89' lang='lat' dir='ltr'><strong>noster</strong></span> <span class='ocrx_word' id='word_1_228' title='bbox 252 3336 384 3393; x_wconf 87' lang='lat' dir='ltr'><strong>subditas</strong></span> <span class='ocrx_word' id='word_1_229' title='bbox 397 3335 444 3392; x_wconf 91' lang='lat' dir='ltr'><strong>illi</strong></span> <span class='ocrx_word' id='word_1_230' title='bbox 457 3336 546 3394; x_wconf 84' lang='lat' dir='ltr'><strong>faciat</strong></span> <span class='ocrx_word' id='word_1_231' title='bbox 560 3356 660 3393; x_wconf 84' lang='lat' dir='ltr'><strong>omncs</strong></span> <span class='ocrx_word' id='word_1_232' title='bbox 671 3337 808 3394; x_wconf 87' lang='lat' dir='ltr'><strong>barbaras</strong></span> <span class='ocrx_word' id='word_1_233' title='bbox 822 3336 966 3408; x_wconf 85' lang='lat' dir='ltr'><strong>nationes,</strong></span> <span class='ocrx_word' id='word_1_234' title='bbox 976 3336 1015 3394; x_wconf 87' lang='lat' dir='ltr'><strong>ad</strong></span> <span class='ocrx_word' id='word_1_235' title='bbox 1028 3344 1161 3395; x_wconf 85' lang='lat' dir='ltr'><strong>nostram</strong></span> <span class='ocrx_word' id='word_1_236' title='bbox 1175 3330 1354 3417; x_wconf 84' lang='lat' dir='ltr'><strong>perpetuam</strong></span> 
     </span>
     <span class='ocr_line' id='line_1_36' title="bbox 137 3436 247 3494; baseline -0.009 -19"><span class='ocrx_word' id='word_1_237' title='bbox 137 3436 247 3494; x_wconf 89' lang='lat' dir='ltr'><strong>pacem.</strong></span> 
     </span>
    </p>

    <p class='ocr_par' dir='ltr' id='par_1_19' title="bbox 198 3497 818 3576">
     <span class='ocr_line' id='line_1_37' title="bbox 198 3497 818 3576; baseline 0 -20"><span class='ocrx_word' id='word_1_238' title='bbox 198 3498 329 3556; x_wconf 88' lang='lat' dir='ltr'><strong>Oremus.</strong></span> <span class='ocrx_word' id='word_1_239' title='bbox 373 3497 541 3555; x_wconf 85' lang='lat' dir='ltr'><strong>Flectamus</strong></span> <span class='ocrx_word' id='word_1_240' title='bbox 551 3517 654 3576; x_wconf 82' lang='lat' dir='ltr'><strong>genua.</strong></span> <span class='ocrx_word' id='word_1_241' title='bbox 698 3498 818 3556; x_wconf 88' lang='lat' dir='ltr'><strong>Levate.</strong></span> 
     </span>
    </p>
   </div>
   <div class='ocr_carea' id='block_1_7' title="bbox 134 3595 1352 4419">
    <p class='ocr_par' dir='ltr' id='par_1_20' title="bbox 198 3595 307 3654">
     <span class='ocr_line' id='line_1_38' title="bbox 198 3595 307 3654; baseline -0.028 0"><span class='ocrx_word' id='word_1_242' title='bbox 198 3595 307 3654; x_wconf 78' lang='lat' dir='ltr'><strong>Oratio.</strong></span> 
     </span>
    </p>

    <p class='ocr_par' dir='ltr' id='par_1_21' title="bbox 134 3675 1352 3978">
     <span class='ocr_line' id='line_1_39' title="bbox 197 3675 1352 3755; baseline 0.004 -21"><span class='ocrx_word' id='word_1_243' title='bbox 197 3676 393 3752; x_wconf 85' lang='lat' dir='ltr'><strong>Omnipotens</strong></span> <span class='ocrx_word' id='word_1_244' title='bbox 406 3676 583 3753; x_wconf 90' lang='lat' dir='ltr'><strong>sempiterne</strong></span> <span class='ocrx_word' id='word_1_245' title='bbox 597 3675 688 3748; x_wconf 89' lang='lat' dir='ltr'><strong>Deus,</strong></span> <span class='ocrx_word' id='word_1_246' title='bbox 704 3676 735 3733; x_wconf 91' lang='lat' dir='ltr'><strong>in</strong></span> <span class='ocrx_word' id='word_1_247' title='bbox 750 3677 834 3752; x_wconf 89' lang='lat' dir='ltr'><strong>cujus</strong></span> <span class='ocrx_word' id='word_1_248' title='bbox 847 3695 938 3733; x_wconf 89' lang='lat' dir='ltr'><strong>manu</strong></span> <span class='ocrx_word' id='word_1_249' title='bbox 952 3681 1024 3733; x_wconf 91' lang='lat' dir='ltr'><strong>sunt</strong></span> <span class='ocrx_word' id='word_1_250' title='bbox 1036 3676 1172 3735; x_wconf 92' lang='lat' dir='ltr'><strong>omnium</strong></span> <span class='ocrx_word' id='word_1_251' title='bbox 1186 3683 1352 3755; x_wconf 82' lang='lat' dir='ltr'><strong>potestates</strong></span> 
     </span>
     <span class='ocr_line' id='line_1_40' title="bbox 135 3757 1351 3837; baseline 0.002 -22"><span class='ocrx_word' id='word_1_252' title='bbox 135 3762 167 3815; x_wconf 90' lang='lat' dir='ltr'><strong>et</strong></span> <span class='ocrx_word' id='word_1_253' title='bbox 185 3757 285 3813; x_wconf 86' lang='lat' dir='ltr'><strong>omnia</strong></span> <span class='ocrx_word' id='word_1_254' title='bbox 301 3758 372 3833; x_wconf 88' lang='lat' dir='ltr'><strong>jura</strong></span> <span class='ocrx_word' id='word_1_255' title='bbox 386 3776 562 3833; x_wconf 74' lang='lat' dir='ltr'><strong>regnorum,</strong></span> <span class='ocrx_word' id='word_1_256' title='bbox 586 3758 697 3834; x_wconf 89' lang='lat' dir='ltr'><strong>respice</strong></span> <span class='ocrx_word' id='word_1_257' title='bbox 710 3757 748 3814; x_wconf 89' lang='lat' dir='ltr'><strong>ad</strong></span> <span class='ocrx_word' id='word_1_258' title='bbox 763 3757 999 3814; x_wconf 84' lang='lat' dir='ltr'><strong>Christianorum</strong></span> <span class='ocrx_word' id='word_1_259' title='bbox 1013 3758 1159 3836; x_wconf 87' lang='lat' dir='ltr'><strong>benignus</strong></span> <span class='ocrx_word' id='word_1_260' title='bbox 1171 3759 1351 3837; x_wconf 69' lang='lat' dir='ltr'><strong>imperium</strong></span> 
     </span>
     <span class='ocr_line' id='line_1_41' title="bbox 135 3838 1351 3919; baseline 0.003 -23"><span class='ocrx_word' id='word_1_261' title='bbox 135 3846 171 3896; x_wconf 90' lang='lat' dir='ltr'><strong>ut</strong></span> <span class='ocrx_word' id='word_1_262' title='bbox 193 3844 296 3915; x_wconf 77' lang='lat' dir='ltr'><strong>gentos</strong></span> <span class='ocrx_word' id='word_1_263' title='bbox 318 3858 383 3914; x_wconf 87' lang='lat' dir='ltr'><strong>quae</strong></span> <span class='ocrx_word' id='word_1_264' title='bbox 405 3839 437 3894; x_wconf 91' lang='lat' dir='ltr'><strong>in</strong></span> <span class='ocrx_word' id='word_1_265' title='bbox 456 3857 509 3895; x_wconf 89' lang='lat' dir='ltr'><strong>sua</strong></span> <span class='ocrx_word' id='word_1_266' title='bbox 529 3838 647 3895; x_wconf 86' lang='lat' dir='ltr'><strong>feritate</strong></span> <span class='ocrx_word' id='word_1_267' title='bbox 669 3839 830 3912; x_wconf 89' lang='lat' dir='ltr'><strong>confidunt,</strong></span> <span class='ocrx_word' id='word_1_268' title='bbox 849 3839 991 3915; x_wconf 86' lang='lat' dir='ltr'><strong>potentiae</strong></span> <span class='ocrx_word' id='word_1_269' title='bbox 1005 3845 1064 3898; x_wconf 84' lang='lat' dir='ltr'><strong>tuae</strong></span> <span class='ocrx_word' id='word_1_270' title='bbox 1083 3839 1208 3899; x_wconf 84' lang='lat' dir='ltr'><strong>dextera</strong></span> <span class='ocrx_word' id='word_1_271' title='bbox 1225 3841 1351 3919; x_wconf 88' lang='lat' dir='ltr'><strong>compri-</strong></span> 
     </span>
     <span class='ocr_line' id='line_1_42' title="bbox 134 3918 575 3978; baseline -0.002 0"><span class='ocrx_word' id='word_1_272' title='bbox 134 3926 264 3978; x_wconf 87' lang='lat' dir='ltr'><strong>mantur.</strong></span> <span class='ocrx_word' id='word_1_273' title='bbox 321 3919 379 3977; x_wconf 90' lang='lat' dir='ltr'><strong>Per</strong></span> <span class='ocrx_word' id='word_1_274' title='bbox 403 3918 575 3977; x_wconf 90' lang='lat' dir='ltr'><strong>Dominum.</strong></span> 
     </span>
    </p>

    <p class='ocr_par' dir='ltr' id='par_1_22' title="bbox 197 4016 307 4075">
     <span class='ocr_line' id='line_1_43' title="bbox 197 4016 307 4075; baseline -0.009 0"><span class='ocrx_word' id='word_1_275' title='bbox 197 4016 307 4075; x_wconf 85' lang='lat' dir='ltr'><strong>Oratio.</strong></span> 
     </span>
    </p>

    <p class='ocr_par' dir='ltr' id='par_1_23' title="bbox 134 4096 1349 4419">
     <span class='ocr_line' id='line_1_44' title="bbox 196 4096 1349 4174; baseline 0.003 -18"><span class='ocrx_word' id='word_1_276' title='bbox 196 4099 322 4156; x_wconf 75' lang='lat' dir='ltr'><strong>Oremus</strong></span> <span class='ocrx_word' id='word_1_277' title='bbox 344 4102 375 4156; x_wconf 86' lang='lat' dir='ltr'><strong>et</strong></span> <span class='ocrx_word' id='word_1_278' title='bbox 395 4117 450 4174; x_wconf 90' lang='lat' dir='ltr'><strong>pro</strong></span> <span class='ocrx_word' id='word_1_279' title='bbox 472 4096 699 4156; x_wconf 71' lang='lat' dir='ltr'><strong>catechumenis</strong></span> <span class='ocrx_word' id='word_1_280' title='bbox 717 4099 827 4157; x_wconf 89' lang='lat' dir='ltr'><strong>nostris</strong></span> <span class='ocrx_word' id='word_1_281' title='bbox 837 4119 846 4172; x_wconf 90' lang='lat'>;</span> <span class='ocrx_word' id='word_1_282' title='bbox 874 4104 911 4156; x_wconf 93' lang='lat' dir='ltr'><strong>ut</strong></span> <span class='ocrx_word' id='word_1_283' title='bbox 932 4099 1015 4157; x_wconf 87' lang='lat' dir='ltr'><strong>Deus</strong></span> <span class='ocrx_word' id='word_1_284' title='bbox 1031 4104 1063 4157; x_wconf 87' lang='lat' dir='ltr'><strong>et</strong></span> <span class='ocrx_word' id='word_1_285' title='bbox 1084 4100 1234 4158; x_wconf 88' lang='lat' dir='ltr'><strong>Dominus</strong></span> <span class='ocrx_word' id='word_1_286' title='bbox 1248 4105 1349 4160; x_wconf 84' lang='lat' dir='ltr'><strong>noster</strong></span> 
     </span>
     <span class='ocr_line' id='line_1_45' title="bbox 134 4179 1348 4259; baseline 0.002 -22"><span class='ocrx_word' id='word_1_287' title='bbox 134 4179 287 4256; x_wconf 85' lang='lat' dir='ltr'><strong>adaperiat</strong></span> <span class='ocrx_word' id='word_1_288' title='bbox 309 4198 394 4236; x_wconf 86' lang='lat' dir='ltr'><strong>aures</strong></span> <span class='ocrx_word' id='word_1_289' title='bbox 415 4179 644 4256; x_wconf 79' lang='lat' dir='ltr'><strong>pracordiorum</strong></span> <span class='ocrx_word' id='word_1_290' title='bbox 662 4180 792 4255; x_wconf 90' lang='lat' dir='ltr'><strong>ipsorum</strong></span> <span class='ocrx_word' id='word_1_291' title='bbox 811 4181 995 4256; x_wconf 86' lang='lat' dir='ltr'><strong>januamque</strong></span> <span class='ocrx_word' id='word_1_292' title='bbox 1007 4181 1226 4254; x_wconf 78' lang='lat' dir='ltr'><strong>misericordia,</strong></span> <span class='ocrx_word' id='word_1_293' title='bbox 1242 4188 1279 4240; x_wconf 90' lang='lat' dir='ltr'><strong>ut</strong></span> <span class='ocrx_word' id='word_1_294' title='bbox 1296 4201 1348 4259; x_wconf 82' lang='lat' dir='ltr'><strong>per</strong></span> 
     </span>
     <span class='ocr_line' id='line_1_46' title="bbox 134 4260 1346 4342; baseline 0.002 -25"><span class='ocrx_word' id='word_1_295' title='bbox 134 4260 283 4318; x_wconf 83' lang='lat' dir='ltr'><strong>lavacrum</strong></span> <span class='ocrx_word' id='word_1_296' title='bbox 302 4260 534 4336; x_wconf 83' lang='lat' dir='ltr'><strong>regenerationis</strong></span> <span class='ocrx_word' id='word_1_297' title='bbox 552 4267 671 4335; x_wconf 88' lang='lat' dir='ltr'><strong>accepta</strong></span> <span class='ocrx_word' id='word_1_298' title='bbox 684 4261 854 4319; x_wconf 88' lang='lat' dir='ltr'><strong>remissione</strong></span> <span class='ocrx_word' id='word_1_299' title='bbox 867 4263 1002 4319; x_wconf 89' lang='lat' dir='ltr'><strong>omnium</strong></span> <span class='ocrx_word' id='word_1_300' title='bbox 1022 4269 1221 4340; x_wconf 87' lang='lat' dir='ltr'><strong>peccatorum,</strong></span> <span class='ocrx_word' id='word_1_301' title='bbox 1236 4269 1270 4322; x_wconf 89' lang='lat' dir='ltr'><strong>et</strong></span> <span class='ocrx_word' id='word_1_302' title='bbox 1290 4262 1346 4342; x_wconf 85' lang='lat' dir='ltr'><strong>ipsi</strong></span> 
     </span>
     <span class='ocr_line' id='line_1_47' title="bbox 134 4341 958 4419; baseline 0.004 -20"><span class='ocrx_word' id='word_1_303' title='bbox 134 4342 217 4419; x_wconf 77' lang='lat' dir='ltr'><strong>digni</strong></span> <span class='ocrx_word' id='word_1_304' title='bbox 229 4343 423 4401; x_wconf 85' lang='lat' dir='ltr'><strong>inveniantur</strong></span> <span class='ocrx_word' id='word_1_305' title='bbox 436 4341 469 4397; x_wconf 93' lang='lat' dir='ltr'><strong>in</strong></span> <span class='ocrx_word' id='word_1_306' title='bbox 483 4341 603 4399; x_wconf 81' lang='lat' dir='ltr'><strong>Christo</strong></span> <span class='ocrx_word' id='word_1_307' title='bbox 616 4342 636 4399; x_wconf 86' lang='lat' dir='ltr'><strong>J</strong></span> <span class='ocrx_word' id='word_1_308' title='bbox 639 4361 691 4399; x_wconf 89' lang='lat' dir='ltr'><strong>esu</strong></span> <span class='ocrx_word' id='word_1_309' title='bbox 704 4341 834 4401; x_wconf 89' lang='lat' dir='ltr'><strong>Domino</strong></span> <span class='ocrx_word' id='word_1_310' title='bbox 848 4349 958 4402; x_wconf 84' lang='lat' dir='ltr'><strong>nostro.</strong></span> 
     </span>
    </p>
   </div>
   <div class='ocr_carea' id='block_1_8' title="bbox 195 4434 816 4512">
    <p class='ocr_par' dir='ltr' id='par_1_24' title="bbox 195 4434 816 4512">
     <span class='ocr_line' id='line_1_48' title="bbox 195 4434 816 4512; baseline 0.005 -19"><span class='ocrx_word' id='word_1_311' title='bbox 195 4435 327 4495; x_wconf 89' lang='lat' dir='ltr'><strong>Oremus.</strong></span> <span class='ocrx_word' id='word_1_312' title='bbox 368 4435 537 4494; x_wconf 81' lang='lat' dir='ltr'><strong>Flectamus</strong></span> <span class='ocrx_word' id='word_1_313' title='bbox 549 4453 653 4512; x_wconf 84' lang='lat' dir='ltr'><strong>genua</strong></span> <span class='ocrx_word' id='word_1_314' title='bbox 696 4434 816 4496; x_wconf 86' lang='lat' dir='ltr'><strong>Levate.</strong></span> 
     </span>
    </p>
   </div>
   <div class='ocr_carea' id='block_1_9' title="bbox 0 0 1406 4920">
    <p class='ocr_par' dir='ltr' id='par_1_25' title="bbox 0 0 1406 4920">
     <span class='ocr_line' id='line_1_49' title="bbox 0 0 1406 4920; baseline 0 0"><span class='ocrx_word' id='word_1_315' title='bbox 0 0 1406 4920; x_wconf 95' lang='lat' dir='ltr'><strong> </strong></span> 
     </span>
    </p>
   </div>
  </div>
 </body>
</html>
