2804 4920
539 362 636 429 Festo
660 358 812 428 Octobris.
1212 351 1277 435 3'47

137 526 274 681 fragilda
294 628 469 687 quesumus,
490 609 628 681 Domine,
642 629 766 668 munera
784 610 928 668 altaribus
950 610 1012 668 tuis
1036 629 1089 687 pro
1109 617 1277 670 sanctarum

82 688 228 767 virginum
255 696 375 748 tuarum
396 692 676 751 commemoratione
702 692 870 768 proposita;
897 697 933 749 ut
959 692 1037 750 sicut
1063 692 1124 750 illis
1150 694 1276 769 gratiam

82 770 239 841 contulisti,
253 772 297 829 ita
309 791 410 829 earum
423 773 594 831 interventu
608 773 695 831 nobis
707 773 924 849 indulgentiam
937 773 1077 850 largiaris
1120 773 1187 832 Per.

137 863 321 924 Omnosanio.
365 864 503 944 Quinque
517 866 686 942 prudentes.

137 946 382 1005 Poatoommum'o.

135 1027 290 1103 Supplices
311 1035 341 1085 te
362 1047 509 1104 rogamus,
523 1028 709 1104 omnipotens
731 1027 821 1097 Deus,
835 1034 872 1085 ut
893 1029 1145 1087 intercedentibus
1166 1030 1276 1088 sanctis

82 1107 242 1183 virginibus
254 1107 324 1180 tuis,
340 1114 370 1166 et
384 1114 437 1167 tua
454 1110 485 1166 in
509 1109 594 1168 nobis
607 1109 685 1167 dona
703 1109 882 1186 multiplices
904 1115 934 1167 et
954 1116 1088 1187 tempora
1107 1121 1209 1169 nostra
1222 1112 1278 1169 dis

82 1206 175 1264 [onus.
219 1189 286 1247 Per.

177 1368 291 1427 Sason
311 1369 449 1440 Rosam,
472 1385 607 1428 unacort
627 1386 666 1428 nr
687 1386 892 1430 cournssoms.
936 1370 980 1445 (x.
997 1370 1067 1428 Kal.
1084 1370 1177 1447 Nor.)

138 1500 281 1576 Officium.
323 1501 438 1559 Statuit
451 1501 486 1559 ei.

139 1582 249 1641 Oratio.

137 1663 332 1740 Omnipotens
352 1662 529 1740 sempiterne
546 1663 637 1735 Deus,
656 1664 708 1741 qui
731 1664 808 1723 hanc
829 1664 907 1723 diem
925 1663 1126 1722 honorabilem
1141 1664 1225 1721 nobis
1243 1664 1276 1722 in

82 1742 154 1801 beati
174 1744 347 1802 confessoris
364 1744 411 1801 tui
425 1744 554 1803 Romani
574 1744 738 1804 festivitate
756 1745 899 1817 tribuisti,
914 1745 1045 1803 fidelium
1065 1752 1184 1802 tuorum
1208 1751 1275 1802 vota

82 1842 195 1882 serenus
215 1825 356 1897 intende;
379 1831 416 1882 ut
434 1826 498 1901 ejus
518 1826 691 1884 interventu
710 1847 729 1884 a
749 1827 862 1885 cunctis
881 1826 1013 1884 reatibus
1033 1826 1170 1897 absoluti,
1192 1825 1274 1884 festis

82 1922 241 1963 mereamur
254 1907 395 1964 interesse
408 1907 580 1964 caelestibus.
623 1907 689 1965 Per.

135 1998 278 2076 Epistola.
321 1999 343 2056 J
345 2006 443 2057 ustum
458 2000 590 2060 deduxit.

138 2079 274 2138 madata
315 2079 391 2139 Ecce
408 2081 550 2141 sacerdos.

135 2161 286 2236 Alleluya
336 2160 365 2219 V.
387 2161 497 2219 Inveni
510 2161 619 2221 David

135 2241 338 2316 Eomsqdiam.
378 2241 519 2319 Vigilate,
532 2242 604 2320 quia
617 2242 743 2301 nescitis

138 2321 333 2398 Offerwrium.
376 2322 498 2380 Veritas
511 2343 584 2382 mea

137 2402 257 2462 &wem

136 2483 410 2543 Interventionibus
423 2484 648 2544 confessoristui
661 2484 799 2556 Romani,
814 2503 990 2561 quaesumus,
1003 2484 1140 2555 Domine,
1155 2483 1274 2542 familie

82 2570 136 2622 triae
148 2566 188 2623 sit
200 2572 319 2642 accepta
332 2565 452 2638 oblatio,
466 2566 551 2641 cujus
564 2565 705 2624 vitalibus
718 2566 874 2624 decoratur
883 2565 1033 2642 exemplis.
1077 2565 1142 2623 Per.

139 2655 317 2718 Communia
361 2657 472 2716 Fidelis
485 2677 595 2718 servus.

139 2738 381 2798 Posteomrmnio.

139 2818 253 2891 satiati,
281 2839 456 2897 quaesumus,
484 2819 622 2893 Domine,
646 2820 817 2879 muneribus
844 2820 943 2892 sacris,
974 2821 1038 2895 ejus
1062 2819 1195 2895 precibus
1221 2835 1275 2875 nos

82 2898 186 2977 ubique
197 2907 326 2979 protege,
340 2901 425 2977 cujus
438 2901 513 2960 festa
522 2901 704 2960 sollemniter
714 2902 901 2959 celebramus.
955 2900 1014 2958 Per
1027 2899 1198 2957 Dominum.

164 3132 204 3190 Iu
224 3131 460 3190 Tanusmmous
484 3148 591 3191 seuam
611 3131 742 3203 Troum,
766 3147 899 3189 semrom
921 3147 959 3188 nr
979 3144 1186 3188 cournssonrs.

538 3236 612 3316 (viii
629 3236 700 3295 Kal.
716 3235 809 3316 Nor.)

143 3317 281 3394 Officium.
589 3328 591 3333 “

140 3397 323 3457 Gaudeamus
343 3417 443 3456 omnes
462 3398 496 3455 in
516 3398 645 3456 Domino
665 3398 745 3456 diem
758 3398 867 3461 festum
888 3398 1068 3457 celebrantes
1089 3399 1144 3457 sub
1164 3397 1273 3456 bonore

82 3481 169 3615 Ἠῶ
182 3479 304 3537 Thomae
313 3478 455 3557 presulis,
466 3479 503 3537 de
513 3481 597 3557 cujus
606 3479 801 3537 translatione
810 3479 941 3556 gaudent
954 3481 1052 3557 angeli
1064 3485 1096 3537 et
1108 3478 1275 3538 collaudent

114 3555 188 3618 '‘um
201 3560 268 3620 Dei.
367 3619 372 3627 ,

141 3651 282 3712 Pandarus.

142 3732 262 3792 (lentato
276 3732 406 3791 Domino
419 3733 567 3792 canticum
580 3753 710 3793 novum:
731 3733 796 3791 laus
810 3734 873 3810 ejus
886 3734 919 3791 in
933 3733 1064 3792 Ecclesia
1077 3739 1252 3791 sanctorum

143 3812 244 3891 Kyme,
265 3813 409 3873 Conditor
423 3814 527 3891 Kyrie.

144 3906 247 3967 Oratio

142 3984 228 4061 Dens,
241 3989 295 4066 qni
308 3987 469 4046 Ecclesiam
482 3994 565 4046 tuam
578 3989 705 4065 gloriosa
717 3989 796 4047 beati
810 3988 929 4047 Thomae
943 3987 1113 4047 confessoris
1126 3988 1172 4043 tui
1185 3994 1275 4064 atque

88 4066 223 4147 Nutificis
239 4068 433 4127 translatione
456 4068 607 4146 glorificas,
629 4077 744 4146 praesta,
767 4089 943 4146 quaesumus,
964 4077 1000 4127 ut
1019 4071 1082 4145 ejus
1104 4068 1218 4125 meritis
1244 4074 1275 4126 et

87 4146 280 4209 ¹11*eratissiono
300 4151 336 4208 de
356 4151 488 4227 sepulcro
507 4151 650 4208 vitiorum
670 4151 817 4209 sublevati
836 4152 874 4209 ad
895 4158 1034 4209 aeternam
1055 4148 1274 4207 resurrectionis

90 4216 199 4292 thuim
210 4231 365 4290 transferri
379 4250 550 4290 mereamur.
594 4232 659 4290 Per.

144 4321 278 4399 Epistola.
319 4322 416 4383 Lectio
429 4323 528 4382 Esaia
541 4324 693 4400 Propheta
705 4325 797 4402 (lviii.
815 4325 861 4396 10,
879 4325 926 4395 11,
943 4324 989 4396 12,
1007 4324 1069 4400 14).

93 4398 211 4536 locullaec
229 4404 304 4464 dicit
317 4404 484 4478 Dominus;
511 4405 633 4464 Orietur
645 4406 678 4464 in
697 4406 827 4464 tenebris
840 4425 930 4481 vespm
943 4407 984 4463 ad
998 4404 1040 4462 Os
1053 4403 1133 4463 enim
1152 4402 1275 4461 Domini

151 4486 208 4543 tum
220 4492 267 4545 est
279 4485 349 4545 luec
