2804 4920
178 296 244 365 270
660 292 756 358 Festo
769 291 886 358 Jooii.

240 460 381 537 Epistola.
426 459 542 535 Lingua
561 458 746 535 sapientium.

243 541 377 600 Grcdcle.
421 540 632 598 Exsultabunt.

187 622 218 683 V.
241 623 375 681 Caritate.

243 703 392 777 Alleluyo.
440 701 470 760 V.
493 701 648 761 Mirabilis

244 783 443 857 Evamjelium.
486 783 604 855 Videte,
619 784 737 859 nequis
747 803 799 857 vqs
813 782 940 841 seducat.

244 864 437 940 Offertoriuru.
481 864 593 921 Anima
606 870 715 923 nostra.

243 946 364 1005 Secreta„

244 1026 380 1097 Munera,
405 1024 541 1096 Domine,
565 1024 623 1082 tibi
642 1025 740 1084 dicata
763 1026 921 1097 sanctifica,
944 1031 975 1083 et
995 1023 1244 1083 intercedentibus
1263 1021 1349 1081 emelii

183 1107 244 1166 tuis
258 1107 361 1164 Marco
373 1113 404 1164 et
419 1105 619 1177 Marcelliano,
633 1126 687 1183 per
699 1106 800 1165 eadem
812 1126 867 1165 nos
879 1106 1012 1183 placatus
1024 1104 1154 1164 intende.
1195 1103 1258 1162 Par.

245 1187 426 1248 Communia.
468 1188 576 1258 Amen,
589 1188 655 1245 dico
669 1188 760 1246 vobis.

246 1267 486 1326 Poslcomrnuoic.

244 1349 389 1408 Salutaris
402 1348 457 1419 tui,
472 1348 607 1419 Domine,
618 1368 738 1406 munere
751 1349 851 1407 satiati
865 1348 1009 1425 supplicas
1022 1364 1188 1421 exoramus,
1202 1354 1236 1405 ut
1248 1364 1352 1423 quorun

185 1433 321 1490 laetamur
334 1435 433 1506 gustu,
449 1448 623 1487 renovemur
635 1430 748 1488 effectu
792 1429 850 1488 Per
863 1430 1034 1488 Dominum

233 1666 418 1726 Sanctorum
439 1667 588 1725 Gnnvmu
609 1684 647 1725 nr
667 1667 819 1742 Prorssn,
841 1685 1018 1727 miracu.
1063 1668 1139 1747 (xiii.
1152 1658 1230 1727 ⁸Kal
1250 1668 1318 1739 Jnl)

248 1797 388 1872 Officium.
432 1795 584 1873 Loquetur
604 1797 759 1855 Dominus.

248 1877 358 1936 Oratio,

248 1959 338 2029 Deus,
353 1957 405 2034 qui
419 1977 471 2015 nos
484 1977 584 2015 annua
596 1964 765 2016 sanctornm
783 1966 948 2035 martyrum
964 1967 1085 2017 tuorum
1104 1959 1240 2018 Gervasii
1259 1964 1287 2016 et
1303 1956 1356 2015 Pro

186 2040 257 2099 tesii
283 2039 478 2097 sollemnitate
506 2039 644 2110 letificas,
671 2040 795 2098 concede
821 2041 975 2117 propitius,
1003 2047 1039 2097 nt
1065 2059 1192 2116 qnorum
1222 2039 1357 2118 gundenis

188 2121 312 2189 moritis,
325 2120 518 2177 accendamur
531 2119 681 2196 exemplis.

249 2201 389 2277 Epistola
432 2200 643 2276 Spectaculum.

252 2281 385 2340 Gradole.
428 2281 585 2339 ductorum
598 2281 711 2338 animae.

196 2362 226 2421 l'.
249 2362 317 2419 Visi
330 2367 409 2419 sunt

249 2442 396 2518 Alleluya
445 2442 473 2500 V.
496 2442 538 2499 Tc
551 2449 714 2518 martyrum
729 2442 901 2502 candidatus
914 2444 1017 2503 laudat
1030 2445 1189 2518 exercitus,
1205 2445 1330 2504 Domina

249 2523 448 2597 anoqelium.
493 2523 669 2599 Egredientc
681 2524 703 2581 J
704 2543 755 2581 esu
769 2523 805 2580 de
819 2525 936 2601 templo.

251 2602 441 2677 Offertorium.
486 2603 651 2660 Laetamini

250 2685 370 2742 Secreta.

251 2767 366 2824 Oblatis
387 2785 562 2840 quaesumus,
585 2765 722 2835 Domine,
745 2766 858 2842 placare
880 2768 1059 2838 muneribus,
1082 2774 1113 2825 et
1133 2767 1364 2827 intercedentibus

190 2849 299 2906 sanctis
312 2849 382 2917 ruis,
396 2868 414 2902 a
427 2848 540 2902 cunctis
555 2866 608 2902 nos
621 2845 744 2902 defende
761 2848 901 2922 periculis.
944 2848 1010 2904 Per.

253 2928 434 2987 Calamona.
479 2928 564 2983 Beati
579 2927 681 2983 ruundi
695 2928 788 2984 corde.

253 3008 492 3066 I'oatcomumnio.

252 3091 326 3146 Haec
349 3110 401 3146 nos
421 3089 595 3157 communio,
618 3089 754 3162 Domine,
778 3098 882 3166 purget
895 3111 913 3147 a
933 3090 1064 3161 crimino,
1087 3098 1119 3148 et
1140 3091 1373 3151 intercedentibus

193 3171 301 3227 sanctis
314 3170 375 3226 tuis
389 3169 531 3226 Gervasio
550 3177 580 3227 et
599 3170 741 3241 Protasio,
757 3172 879 3228 caelcstis
900 3172 1021 3228 romedii
1039 3172 1130 3229 faciat
1151 3193 1217 3232 esse
1234 3182 1373 3231 consortes

195 3252 259 3309 Per.

285 3406 396 3461 Sixcrr
417 3406 578 3477 Laurarnr,
600 3421 726 3462 inauris
747 3422 784 3462 ar
805 3422 1006 3462 conressonrs.
1058 3408 1114 3480 (xi.
1138 3407 1211 3465 Kal.
1234 3409 1311 3487 Jul.)

256 3536 396 3676 gfficium.
440 3537 481 3594 Os
490 3538 566 3613 justi
581 3536 778 3594 meditabitur.

283 3629 366 3676 ratic.

255 3700 314 3756 Fac
339 3719 399 3769 uos,
425 3718 599 3773 quesumus,
622 3698 758 3768 Domine,
782 3699 859 3753 beati
883 3698 1020 3754 lanfredi
1042 3699 1218 3760 confessoris
1238 3703 1286 3760 tui
1304 3710 1380 3778 atque

195 3782 311 3839 abbatis
335 3780 589 3835 intercessionibus
616 3799 633 3834 a
660 3779 773 3835 cunctis
799 3778 903 3834 mundi
932 3780 1209 3854 perturbationibus
1235 3784 1378 3860 respirare,

195 3864 316 3937 ejusque
336 3861 459 3915 obtentu
482 3875 542 3914 tum
564 3860 715 3933 praesentis
729 3861 798 3916 vitae
818 3859 948 3917 subsidia
961 3880 1048 3936 quam
1064 3868 1184 3922 aeternae
1199 3864 1381 3924 beatitudinis

197 3941 317 4019 praemia
331 3941 463 4014 reperire.
509 3939 571 3997 Per.
1053 3937 1061 3943 '

256 4021 398 4095 Epistodt.
440 4020 571 4077 Justum.

260 4101 393 4159 Gradala.
437 4101 573 4172 Domine,
587 4101 762 4176 praevenisti.

203 4183 232 4244 V.
259 4182 371 4239 Vibulli.

259 4264 407 4337 Alleluya.
456 4262 485 4319 V.
509 4262 599 4318 Posui
612 4262 800 4338 adjutorium.

258 4344 458 4417 Evomjeliuua
501 4344 590 4399 Dixit
604 4343 705 4402 Simon
719 4344 833 4405 Petrus

260 4424 450 4499 offerentum.
493 4425 608 4483 lnvcni
