2804 4920
530 276 625 343 Festo
646 275 805 361 Asparati.

249 477 289 537 In
311 478 438 537 Ocravs
458 494 567 538 snucrr
589 479 771 538 Launmrrn
815 476 888 552 (xvi.
906 478 976 536 Kal.
992 478 1088 556 Sept)

135 591 276 669 Officium.

128 671 275 746 Probusti,
287 675 424 747 Domine,
440 695 602 734 cormeum
616 681 647 733 et
660 675 789 733 visitasti
802 681 908 734 nocte:
928 676 996 754 igne
1010 695 1058 734 me
1072 674 1268 734 examinasti:

62 761 97 813 et
111 773 174 812 non
188 763 233 813 est
246 756 371 814 inventa
383 757 415 814 in
430 777 477 815 me
491 758 642 834 iniquitas.

130 835 276 896 Psalmaa.
500 908 504 920 Ι

128 916 256 991 Exaudi,
272 917 411 992 Domine,
420 919 573 996 justitiam
587 937 702 977 meam:
724 918 846 977 intende
859 918 1095 996 deprecationem
1110 937 1214 976 meam.

135 998 244 1057 Oratio.

128 1077 217 1138 Beati
240 1079 397 1138 Laurentii
416 1081 557 1155 martyris
577 1080 623 1138 tui
643 1100 705 1153 nos,
720 1080 857 1152 Domine,
877 1081 966 1139 faciat
985 1081 1081 1158 passio
1101 1078 1268 1139 veneranda

62 1159 204 1219 laetantes
215 1181 223 1231 ;
243 1169 275 1219 et
297 1168 333 1218 ut
355 1181 421 1219 eam
442 1161 623 1220 sufficienter
643 1162 815 1234 recolamus,
836 1162 943 1221 efficiat
964 1162 1168 1239 promptiores.
1211 1160 1270 1219 Per

64 1241 241 1300 Dominum.

128 1321 247 1398 Epistol
266 1370 273 1382 .
317 1323 376 1394 Qui
390 1323 625 1399 parceseminat

130 1401 267 1462 Gradule.
308 1403 450 1461 Posuisti.

127 1483 278 1561 Alleluya.
329 1483 357 1543 V.
381 1485 489 1543 Levita
503 1484 693 1543 Laurentius.

128 1565 331 1640 annqelium.
376 1565 444 1623 Nisi
458 1585 584 1641 granum
598 1566 748 1624 frumenti.

134 1645 325 1720 offertorium.
369 1646 407 1705 In
422 1648 535 1705 virtute
547 1653 608 1704 tua.

128 1726 251 1786 Secura.

128 1807 217 1866 Beati
236 1807 393 1866 Laurentii
406 1808 610 1867 honorabilem
623 1809 789 1885 passionem
802 1810 982 1882 muneribus,
1002 1809 1140 1882 Domine,
1159 1808 1270 1886 gemin-

64 1889 125 1946 atis
146 1889 338 1966 exsequimur
347 1910 357 1962 3
378 1909 443 1966 quae
457 1889 528 1948 licet
547 1890 675 1967 propriis
695 1891 735 1948 sit
755 1890 945 1948 memoranda
964 1889 1127 1968 principiis,
1144 1888 1271 1948 indesin-

64 1981 154 2027 cnter
166 1977 267 2029 tamen
280 1978 434 2047 permanet
448 1971 581 2046 gloriosa
625 1970 685 2028 Per
698 1972 863 2030 Dominum
876 1978 1020 2030 nostrum.

128 2050 313 2110 Cornrnunio.
357 2051 497 2122 Posuisti,
513 2052 644 2110 Domini.

128 2132 373 2191 Postcommuna'o.

128 2212 297 2271 Sollemne*
323 2213 408 2271 nobis
432 2213 603 2271 intercessio
627 2214 706 2271 beati
734 2213 891 2271 Laurentii
914 2215 1064 2291 martyris
1089 2234 1268 2290 qmusumuS,
1354 2208 1359 2216 ’

65 2293 205 2367 Domine,
220 2300 343 2371 praestat
364 2294 518 2366 auxilium,
534 2302 570 2352 ut
590 2294 712 2352 caelestis
733 2315 841 2353 mensae
862 2297 1051 2372 participatio
1065 2315 1154 2372 quum
1171 2315 1269 2371 sump-

64 2375 158 2433 simus
171 2376 287 2433 tribuat
301 2375 438 2433 Ecclesiae
452 2382 511 2432 tuae
525 2375 699 2432 recensitam
712 2375 855 2434 laetitiam.
899 2376 965 2434 Per.

126 2456 162 2514 Si
177 2455 285 2514 Octauo
304 2457 399 2515 ourrctc'
419 2457 574 2515 Lau-rentii
587 2457 621 2513 iu
634 2457 792 2514 Dominicis
812 2457 968 2533 contiperit,
984 2458 1102 2516 <lictatur
1116 2458 1210 2516 llliasa
1236 2457 1269 2514 in

67 2536 219 2613 Capitale.

326 2667 485 2725 Domnrcs
507 2683 601 2725 naras
621 2668 761 2725 Ocravss
782 2667 1013 2727 Assunrrronrs

469 2774 664 2851 Onanioflant
678 2777 753 2835 sicar
766 2775 801 2834 in
815 2777 869 2835 die.

200 2956 314 3015 sinon
335 2957 478 3028 Ansium,
501 2973 664 3030 uanrrms,
685 2958 830 3016 vanniano.
876 2956 938 3036 (xv.
956 2958 1025 3016 Kal.
1042 2955 1137 3035 Sept.)

134 3065 243 3121 Oratio.

129 3142 265 3201 Laetetur
291 3142 423 3201 Ecclesia
449 3149 509 3215 tua,
540 3145 630 3216 DeuS,
659 3144 739 3202 beati
766 3144 892 3221 Agapiti
922 3146 1060 3221 martyris
1087 3145 1134 3202 tui
1160 3146 1269 3202 coriliso

62 3224 226 3300 suffragiis,
241 3230 331 3300 atque
352 3225 416 3299 ejus
437 3225 573 3301 precibus
593 3225 726 3302 gloriosis
748 3233 779 3284 et
800 3226 908 3309 devota
928 3233 1099 3303 permaneat
1118 3232 1149 3283 et
1168 3236 1269 3284 sec'uru

63 3305 221 3364 consistat.
263 3304 323 3363 Per
337 3305 509 3366 Dominum.

131 3385 253 3443 bbereto.

129 3466 260 3544 Suscipe,
275 3466 412 3538 Domino,
434 3486 558 3524 munera
579 3487 644 3544 quae
669 3469 700 3524 in
725 3469 788 3544 ejus
810 3468 866 3526 tibi
884 3468 1082 3528 sollemnitate
1100 3468 1267 3542 deferimus,

63 3549 113 3625 cuj
119 3568 153 3604 us
167 3566 221 3605 nos
234 3547 409 3605 confidimus
422 3549 585 3625 patrocinio
599 3549 725 3607 liberari.
768 3549 827 3607 Per
840 3550 1011 3610 Dominum.

91 3626 97 3635 ’
131 3629 374 3688 Postcommuuic.

131 3707 262 3782 Satiasti,
277 3709 415 3780 Domine,
429 3709 574 3767 familiam
587 3717 670 3767 tuam
684 3711 855 3769 muneribus
864 3712 967 3779 sacris3
981 3713 1044 3787 ejus
1053 3731 1166 3789 semper
1178 3712 1267 3769 inter-

67 3790 210 3850 ventione
222 3810 277 3848 nus
290 3790 397 3861 refove,
413 3791 497 3867 cujus
504 3790 657 3848 sollemnia
665 3791 852 3850 celebramus.
882 3791 940 3849 Per
952 3792 1113 3850 Dominum
1124 3800 1265 3851 nostrum.

214 4000 326 4059 Smc'rl
347 3998 466 4069 MAGNI,
488 4014 648 4069 mmm,
671 3997 816 4056 asserueris.
861 3996 933 4074 (xiv.
951 3996 1019 4054 Kal.
1036 3996 1129 4073 Sept.)

138 4104 277 4182 Officium.

131 4187 256 4259 Adesto,
286 4184 423 4258 Domine,
452 4183 714 4262 supplicationibus
740 4183 857 4254 nostris,
887 4189 918 4240 et
951 4182 1149 4240 intercedente
1181 4182 1267 4240 besto

72 4268 185 4345 Magno
209 4273 340 4343 martyre
359 4272 421 4338 tuo,
443 4267 481 4323 ab
501 4265 630 4323 hostium
654 4284 707 4322 nos
729 4264 851 4322 defende
875 4263 1020 4340 propitius
1042 4262 1170 4321 incursu.
1212 4261 1271 4320 Per

73 4349 245 4408 Dominum.

347 4425 361 4450 ⁸
377 4424 445 4471 York
455 4422 722 4499 Miasals780llcmms.
753 4421 984 4468 Surum-Salutem.
