2806 4920
157 345 219 413 172
513 344 655 411 Subbato
672 353 748 431 poet
769 344 988 413 Pentecosten.

215 508 376 586 salama„
419 511 512 570 Alma
524 511 640 585 chorus,
654 521 689 570 ut
702 532 795 590 supra
806 515 842 571 in
854 513 944 573 Faria
957 515 1091 574 mado.

216 591 417 666 Eoouqatium.
458 592 625 652 Secundam
637 594 750 652 lucam
766 597 810 671 (c.
828 596 942 672 17-26).

214 672 254 730 In
273 673 326 731 illo
339 680 478 750 tempora,
494 674 619 732 Factum
632 682 677 732 eat
696 675 730 732 in
742 695 804 734 una
816 676 941 750 diemm,
956 682 988 735 et
999 677 1089 736 Jasus
1107 677 1232 736 sedabat
1250 678 1359 738 doeens

154 772 244 828 rwqrcc
257 756 298 811 ad
311 756 381 831 quia
394 755 522 813 vidimus
535 755 682 813 mirabilia
694 756 789 816 hodie.

216 835 318 893 Orode
767 884 771 891 .

218 910 420 991 Offae-terium(

215 997 326 1070 Lauda,
347 998 447 1055 anima
474 1017 539 1055 mea
565 998 747 1056 Dominum:
786 998 914 1056 laudabo
944 999 1108 1057 Dominum
1128 1000 1162 1057 in
1181 1001 1248 1058 vita
1275 1021 1359 1060 mea:

154 1080 275 1155 psallam
291 1079 356 1137 Deo
369 1098 443 1153 meo,
458 1079 599 1156 quamdiu
612 1099 671 1151 ero,
685 1079 820 1158 alleluya

214 1161 335 1220 Smetri.

215 1241 370 1313 Sacrificia,
381 1240 519 1312 Domine,
529 1240 590 1299 trria
603 1241 704 1299 oblata
717 1241 921 1318 conspectibus
930 1240 1007 1318 ignis
1020 1241 1070 1299 ille
1083 1241 1204 1300 divinus
1217 1252 1361 1312 assumat,

154 1323 207 1398 qui
229 1321 439 1399 discipulorum
463 1321 575 1381 Christi
602 1324 648 1379 tui
671 1342 724 1400 per
747 1322 893 1399 Spiritum
916 1322 1057 1380 Sanctum
1085 1323 1174 1381 corda
1196 1326 1359 1384 succendit

154 1405 213 1462 Per
226 1404 360 1462 eundem.
402 1403 443 1459 In
456 1403 572 1460 unitate
585 1403 715 1480 ejusdem
729 1403 858 1480 Spiritus
871 1402 981 1462 Sancti.

216 1483 397 1544 Communia.

215 1565 343 1643 Spiritus
364 1564 417 1621 ubi
438 1563 505 1621 vult
524 1564 628 1641 spirat,
650 1570 682 1622 et
701 1584 801 1622 vocem
824 1565 888 1642 ejus
905 1564 998 1637 audis,
1013 1564 1159 1642 alleluya:
1189 1566 1242 1625 sed
1264 1569 1361 1627 nescis

154 1645 233 1703 unde
247 1647 356 1718 veniat,
371 1652 425 1703 aut
437 1665 496 1720 quo
510 1645 608 1719 vadat,
622 1644 758 1721 alleluya,
772 1646 906 1722 alleluya

213 1724 474 1785 Poaccommcntof

219 1808 411 1885 Sumpsimus,
431 1808 568 1878 Domine,
586 1807 661 1865 sacri
680 1806 759 1866 dona
781 1808 925 1884 mysterii,
944 1807 1098 1865 humiliter
1112 1807 1308 1885 deprecantes
1326 1817 1361 1867 ut

153 1907 219 1963 quae
240 1888 273 1945 in
295 1889 341 1946 tui
363 1889 637 1947 commemoratione
660 1907 714 1946 nos
735 1889 829 1946 facere
851 1889 1024 1966 praecepisti,
1045 1895 1222 1966 cooperante
1243 1889 1360 1967 Spiritu

154 1969 271 2040 Sancto,
285 1969 318 2028 iu
331 1977 439 2028 nostrae
452 1971 608 2048 proficiant
622 1968 805 2027 infirmitatis
821 1969 976 2028 auxilium.
1019 1969 1079 2039 Qui
1092 1970 1171 2027 vivia
1183 1977 1218 2028 at
1230 1989 1345 2048 regnas

486 2153 625 2212 Saeuam
647 2153 816 2224 Quarsuoa
837 2153 1019 2212 Taurorum

215 2234 356 2310 Officium.

215 2315 330 2373 Caritas
344 2315 401 2373 Dei
414 2314 520 2372 diffusa
529 2317 618 2373 estin
633 2315 769 2373 cordibus
782 2315 900 2388 nostris,
909 2315 1052 2392 alleluya:
1072 2334 1126 2392 per
1138 2315 1361 2375 inhabitanti-m

154 2395 299 2473 Spiritum
312 2397 376 2472 ejus
389 2396 422 2453 in
435 2395 529 2469 nobis,
543 2396 679 2473 alleluya,
694 2395 829 2474 alleluya

216 2477 359 2536 Paci-lmus.

216 2558 342 2615 Domina
356 2558 438 2615 Deus
452 2557 555 2615 salutis
569 2578 656 2616 mese:
681 2559 713 2616 in
727 2559 775 2616 die
789 2559 914 2618 clamavi
927 2566 957 2617 et
971 2566 1057 2616 nocte
1070 2576 1167 2615 eoram
1181 2567 1221 2617 te.

216 2639 320 2714 Kyria
364 2640 483 2697 Summe
498 2639 587 2696 Deus.

215 2720 320 2779 Omnes
335 2720 487 2778 Orationes
501 2730 609 2796 prcctcr
629 2720 761 2778 ultimam
780 2722 843 2778 aine
864 2722 1011 2778 Dominus
1031 2721 1182 2778 vobiscum
1208 2722 1361 2789 dicontur,

152 2800 203 2859 scil
230 2811 346 2859 tantam
374 2822 440 2859 curu
468 2800 594 2859 Oremus
606 2822 615 2872 3
648 2811 674 2858 ct
703 2822 800 2860 orienes
827 2803 972 2860 Lectiones
1002 2803 1064 2859 siue
1096 2801 1181 2860 titulo
1213 2803 1359 2878 lepontrcr.

154 2883 287 2940 Oremus.
683 2878 695 2893 “

215 2964 322 3020 Oratio.

213 3044 367 3101 Mentibus
389 3044 504 3115 nostris,
523 3064 698 3120 quaesumus,
718 3044 855 3115 Domine,
875 3045 1019 3121 Spiritum
1044 3045 1187 3102 Sanctum
1211 3045 1360 3122 benignus

152 3124 294 3196 infunde,
320 3126 403 3200 cujus
420 3131 451 3182 et
473 3125 618 3201 sapientia
631 3126 743 3183 conditi
764 3146 873 3195 sumus,
894 3133 924 3183 et
942 3126 1128 3202 providentia
1145 3126 1358 3202 gubernamur.

154 3204 210 3261 Per
224 3206 393 3261 Dominum.
437 3206 476 3262 In
490 3206 604 3263 unitate
619 3208 756 3282 ejusdem.

213 3286 308 3342 Lectio
322 3285 412 3345 Joctia
426 3286 576 3361 Prcpolcctcr
589 3288 638 3361 (ii.
653 3288 766 3362 28-32).

214 3366 288 3422 Haec
307 3367 380 3423 dicit
399 3367 544 3424 Dominus
563 3368 660 3426 Deus:
684 3369 843 3425 Effundam
857 3368 893 3424 de
908 3368 1022 3445 Spiritu
1041 3387 1105 3425 meo
1122 3388 1214 3443 usque
1232 3369 1275 3425 ud
1295 3370 1359 3445 ‹pui-

153 3465 268 3522 cunque
283 3447 464 3504 invocaverit
478 3467 585 3505 nomen
600 3448 724 3506 Domini
737 3449 836 3505 salvus
850 3450 915 3518 crit,
931 3450 1065 3525 alleluya.

214 3527 361 3603 Alleluya.
425 3529 453 3588 Γ.
491 3530 604 3586 Emitte
640 3530 794 3606 Spiritum.
857 3530 926 3587 ,l’ooe
958 3539 1105 3605 repetatur
1130 3529 1260 3606 alleluya
1290 3541 1358 3606 post

161 3608 284 3679 i'eraum,
300 3610 349 3665 scd
362 3609 480 3666 dicatur
493 3610 626 3667 Oramus

214 3689 272 3745 Illo
287 3709 339 3746 uos
353 3690 429 3766 igne,
445 3710 621 3767 quaesumus,
638 3692 772 3761 Domine,
789 3691 917 3768 Spiritus
935 3691 1061 3749 Sanctus
1078 3691 1252 3761 inflammet,
1267 3712 1357 3769 quern

156 3770 299 3827 Dominus
320 3779 421 3827 noster
438 3771 526 3828 Jesus
551 3772 687 3830 Christus
707 3773 789 3829 misit
810 3775 841 3829 in
863 3780 971 3830 terram
997 3779 1027 3830 et
1047 3771 1143 3829 voluit
1164 3772 1360 3830 vehementi-r

152 3852 278 3908 accendi.
323 3852 382 3920 Qui
396 3859 501 3910 tecum.
544 3853 582 3908 In
597 3855 713 3909 unitate
729 3854 866 3929 ejusdem.

215 3932 310 3989 Lectio
324 3933 392 3989 libri
408 3933 524 3990 Lcritici
541 3935 642 4006 (aetii.
660 3935 738 4004 O-ll,
757 3935 851 4007 15-17,
868 3936 903 3992 21
907 3935 938 4009 )

213 4013 251 4069 In
272 4013 375 4070 dicbus
395 4013 463 4085 illis,
483 4013 613 4071 Locutus
634 4021 679 4072 est
700 4015 846 4072 Dominus
866 4016 904 4074 ad
925 4015 1058 4092 Moysen,
1081 4010 1367 4092 diceus51mquerr'

154 4094 222 4151 tiliis
235 4094 337 4166 Israel,
353 4102 383 4151 et
397 4094 474 4152 dices
488 4095 524 4152 ad
538 4115 603 4152 eos:
625 4096 700 4153 Cum
715 4096 838 4172 ingressi
851 4097 966 4154 fueritis
982 4104 1092 4154 terram
1107 4115 1196 4172 quam
1210 4115 1266 4173 ego
1279 4097 1357 4154 dabo

154 4176 242 4246 vobis,
259 4183 289 4233 et
302 4176 481 4233 messueritis
494 4183 630 4253 segetem,
641 4176 741 4234 feretis
755 4176 920 4252 manipulos
929 4178 1084 4255 spicarum,
1097 4177 1245 4253 primitias
1254 4180 1357 4234 mamis

153 4263 265 4328 vestrae,
280 4256 317 4313 ad
332 4256 530 4313 sacerdotem:
552 4259 603 4333 qui
617 4257 745 4315 elevabit
758 4257 928 4315 fasciculum
942 4277 1040 4315 coram
1055 4258 1194 4331 Domino,
1209 4265 1246 4315 ut
1258 4278 1356 4335 aeocp

212 4378 224 4401 ·
241 4377 421 4427 liS-Annuc.
432 4377 568 4421 misericors
579 4377 653 4433 Daue,
662 4381 689 4422 ut
700 4376 740 4435 qui
751 4376 835 4421 divina
842 4382 961 4435 praerepta
972 4376 1086 4421 violando
1095 4390 1110 4420 a
1120 4375 1233 4422 Paradisi
1243 4377 1356 4423 felicitato

153 4435 291 4537 ‹llecidimus
301 4437 331 4480 ad
341 4440 438 4481 aetcrnie
448 4435 602 4481 luatitudinis
612 4436 736 4481 redeamus
750 4450 871 4480 naussum
881 4450 925 4495 prr
935 4441 1029 4481 tuorum
1040 4435 1172 4481 custodiam
1181 4436 1355 4482 mndatorum.

167 4498 205 4537 'ch
