2804 4920
122 302 187 367 254
615 298 712 363 Festa
726 297 828 364 Maii.

182 465 328 523 Paulinus.

181 546 339 604 Rrsnltate
348 546 425 621 justi
440 546 471 602 in
486 545 631 605 Domino:
650 552 745 605 reatos
759 545 842 604 deoet
856 546 1041 605 collaudatio.

183 628 287 703 Kyrie,
303 626 380 684 Lux.

183 715 292 774 Oratio.

179 797 270 869 Deus,
284 797 336 873 qui
349 816 404 854 nos
417 816 515 854 armna
536 795 736 873 apostolorum
757 803 879 855 tuorum
897 796 1031 874 Philippi
1044 806 1076 855 et
1088 796 1110 854 J
1111 796 1195 854 aeobi
1207 795 1294 854 sollen-

119 878 214 939 nitate
236 877 374 951 laetificas,
396 885 512 954 praeta,
523 896 699 953 quaesumus,
712 884 747 935 ut
761 897 888 954 quorum
900 877 1062 956 gaudemus
1076 878 1198 947 meritis,
1211 878 1296 937 instu-

119 979 206 1018 amur
218 958 370 1034 exemplis.
414 958 481 1016 Per.

180 1050 321 1128 Epistola.
365 1048 497 1109 Stabunt
507 1050 592 1127 justi.

180 1132 328 1208 Alleluya.
379 1132 407 1191 V.
431 1131 562 1189 Stabunt
570 1132 655 1207 justi

177 1213 326 1289 Alleluya.
376 1213 405 1271 V.
427 1212 483 1271 *ln
497 1213 545 1271 die
565 1213 787 1271 resurrectionis
801 1232 882 1285 meae,
896 1213 969 1272 dicit
984 1213 1141 1286 Dominus,
1157 1212 1294 1290 praesim

119 1315 171 1353 vos
184 1295 216 1352 in
231 1295 394 1352 Craliloeam.

176 1387 343 1463 Sequentia,
357 1388 392 1445 de
408 1385 572 1446 Geminiani.

132 1532 136 1547 ,
176 1481 344 1539 ιδίιιιιιιίιιιιι
356 1478 524 1537 Jolannem
537 1479 611 1557 (aiv.
630 1479 730 1555 1-13).

179 1561 218 1619 In
245 1561 297 1619 illo
321 1569 462 1638 tempore,
487 1561 577 1618 Dixit
604 1559 693 1618 Jesus
716 1559 869 1636 discipulis
896 1561 976 1619 suis:
1006 1561 1076 1618 Non
1104 1562 1237 1619 turbetur
1257 1578 1293 1616 eor

116 1649 355 1783 vestgrernlgtsque
369 1643 410 1699 ad
423 1642 478 1700 hoe
491 1642 604 1700 faciam

178 1818 369 1893 (ffirtorium.
413 1817 648 1876 confitebuntur.

176 1918 312 2064 illiciis,
327 1992 465 2062 Domine,
481 2012 545 2069 qua·
567 2010 620 2068 pro
642 1991 842 2067 apostolorum
866 1998 987 2048 tuorum
1008 1990 1142 2068 Philippi
1155 1997 1185 2048 et
1203 1984 1309 2047 Jacobi'

114 2075 313 2134 sollemnitate
327 2074 496 2145 ‹leserimus
511 2073 657 2149 propitius
671 2072 803 2149 suseipe3
825 2078 856 2129 et
877 2071 955 2129 mala
973 2072 1075 2129 omnia
1088 2091 1154 2147 quae
1167 2085 1287 2128 meremur

1 2174 5 2181 ·
114 2164 224 2214 averte.
268 2156 333 2213 Per.

175 2247 318 2324 J’rcrsatio
332 2249 367 2305 de
376 2247 529 2323 Apostolia.

176 2341 357 2400 Continuam.

175 2422 271 2480 Tanto
284 2430 416 2498 tempore
429 2421 580 2479 vobiscum
600 2439 675 2492 sum,
691 2427 721 2477 et
735 2439 795 2476 non
816 2419 995 2497 oognoristis
1014 2418 1070 2490 me'‚
1086 2418 1232 2496 Philippo:
1246 2414 1282 2492 qui

112 2503 195 2561 videt
214 2523 270 2575 me,
286 2504 370 2561 videt
390 2508 421 2560 et
442 2503 571 2571 Patrem,
593 2500 740 2578 alleluya:
764 2520 824 2557 ιιοιι
841 2501 935 2559 credis
953 2501 1024 2578 quia
1045 2520 1098 2579 ego
1118 2501 1151 2558 iu
1172 2501 1247 2557 Patro
1260 2502 1281 2551 et

114 2584 249 2643 Peterin
263 2605 310 2641 mo
324 2591 377 2655 ost,
394 2583 529 2658 alleluya,
543 2582 678 2658 alleluya.

173 2678 415 2735 Pustcomnuosio.

174 2761 357 2830 Quaesumus,
386 2757 523 2826 Domine,
545 2757 724 2814 salutaribus
746 2757 851 2832 repleti
873 2757 1029 2832 mysteriis,
1050 2763 1085 2815 ut
1111 2774 1225 2833 quorum
1241 2747 1277 2805 sul·
1319 2830 1321 2835 Ι

111 2841 221 2902 lemnia
245 2840 434 2909 celebramus,
450 2858 550 2895 eorum
577 2839 833 2895 intercessionibus
847 2838 1029 2912 aaliuvemur.
1074 2837 1132 2896 Per
1148 2834 1276 2894 Dominum
1319 2864 1321 2869 ·

111 2929 252 2979 nostrum.

303 3085 341 3141 Ιι
364 3086 553 3142 Ιιιιιιιοιιι
575 3101 696 3142 aurern*
717 3087 838 3143 (ἱιιιϊιι.
884 3088 924 3163 (v.
941 3086 1021 3144 Non.
1037 3087 1124 3164 Mai.)

173 3211 313 3285 Officium.

170 3292 234 3349 Nos
255 3299 355 3348 autem
376 3291 494 3366 gloriari
515 3311 587 3367 opor·
589 3296 633 3348 tet
653 3291 684 3349 in
705 3312 789 3349 ‹rua-e
811 3292 932 3349 Domini
947 3313 1001 3350 nos
1002 3293 1126 3352 triJesu
1141 3287 1240 3356 Christi,
1251 3282 1270 3337 ln

106 3393 167 3449 quo
190 3380 235 3430 ost
253 3374 339 3444 sallus,
360 3374 432 3443 vita,
453 3380 484 3429 et
501 3373 675 3429 resurreetio
698 3379 805 3445 nostra,
822 3393 874 3449 per
895 3393 984 3448 quem
1006 3375 1165 3432 salvatit
1137 3382 1165 3432 et
1186 3359 1271 3428 liberati

109 3474 218 3515 sumus
234 3454 370 3528 alleluya,
386 3452 520 3528 alleluya.

169 3548 313 3604 Psulmua

169 3630 250 3685 Deus
272 3628 444 3685 misereatur
457 3628 558 3698 nostri,
574 3636 605 3684 et
618 3628 772 3685 benedicat
790 3630 891 3686 nobis:
913 3629 1063 3687 illuminet
1083 3631 1194 3687 vultum
1210 3634 1268 3679 sunu

107 3729 195 3787 super·
208 3730 269 3779 nos,
285 3717 316 3765 et
330 3710 503 3765 misereatur
515 3710 617 3766 nostri.

170 3806 279 3862 0ιαίιύ

168 3889 257 3957 Deus,
283 3886 388 3962 quiin
416 3885 556 3962 praeclara
581 3886 741 3944 salutiferae
764 3889 856 3945 erucis
883 3889 1057 3946 inventione
1082 3887 1211 3966 passionis
1229 3890 1267 3932 tua

105 3969 246 4026 miraaulu
260 3968 427 4038 suscitasti3
448 3968 580 4060 concede,
596 3975 631 4025 ut
644 3968 745 4025 nitelis
758 3968 833 4045 tigoni
846 3970 942 4045 pretio
956 3976 1074 4028 aeternae
1085 3971 1153 4028 ritae
1165 3952 1268 4030 suffragi!

102 4070 325 4126 consequamur.
370 4012 471 4118 Qui
443 4048 527 4105 vivis

166 4143 311 4202 Meritoria
324 4144 358 4200 cle
372 4142 552 4217 arzartyrihua
565 4142 740 4214 Alaranrlra
759 4142 886 4211 Euelztia
903 4153 928 4201 et
942 4145 1095 4205 Theodulo.

168 4237 276 4294 Oratis.

166 4319 286 4389 Praesta,
309 4336 486 4393 quaesumus,
502 4317 688 4391 omnipotens
714 4317 803 4385 Dens,
829 4328 863 4374 ut
886 4319 937 4393 qui
961 4319 1118 4379 beatorum
1137 4314 1266 4388 mauu

522 4445 534 4470 ⁸
551 4443 746 4503 lla-unguis
758 4445 861 4492 Domini.
