2804 4920
396 342 490 408 eme
513 341 571 407 vo.
589 348 671 426 poe.
698 341 759 408 oe
782 340 988 407 Pmeoee.
1227 344 1290 413 187

153 505 204 566 Ad
216 508 364 568 Romnae
376 509 431 585 (vi
448 510 543 587 3-11).

152 588 287 648 Fratres:
316 589 502 666 Quicumque
529 589 672 666 baptizati
697 607 798 646 sumus
824 587 859 646 in
885 588 1005 647 Christo
1031 588 1105 647 Jesu
1133 610 1222 664 usque
1249 591 1290 647 ad

87 669 228 729 viventes
240 677 340 729 autem
354 672 429 743 Deo,
446 672 484 728 In
500 670 619 729 Christo
631 670 654 728 J
655 689 716 743 eeu,
732 669 862 727 Domino
875 675 985 729 nostro.

154 750 289 810 Grodak.

152 831 341 904 Convertere,
354 832 492 905 Domine,
506 831 726 909 aliquantulum
740 853 747 890 :
767 836 798 890 et
811 830 966 909 deprecare
978 851 1067 908 super
1079 850 1178 890 servos
1190 839 1266 891 tuoe.

96 913 124 970 l'.
159 913 297 986 Domine,
311 913 457 990 refugium
471 914 567 971 faetus
580 932 611 970 es
625 912 729 971 nobis:
749 933 767 970 a
780 913 969 990 generatione
982 920 1014 970 et
1027 913 1171 990 progenie.

150 993 298 1070 Alleluya
348 995 377 1052 V.
407 995 518 1053 Omnes
540 1000 652 1072 gentes,
678 994 811 1071 plaudite
832 994 988 1052 manibus:
1014 994 1143 1069 jubilate
1166 994 1231 1053 Deo
1255 996 1287 1052 in

88 1074 390 1134 roeo-exsultationis.

148 1155 316 1215 Ssourrdum
330 1155 504 1214 Matthoeum
517 1158 560 1233 (v.
576 1154 691 1233 20-24).

148 1236 188 1294 In
201 1237 254 1295 illo
268 1245 408 1314 tempore,
425 1238 514 1295 Dixit
528 1237 549 1295 J
550 1256 617 1295 esus
632 1235 784 1313 discipulis
797 1236 876 1308 suis;
902 1236 1003 1293 Amen
1022 1235 1088 1293 dieo
1108 1236 1201 1308 vobis,
1217 1238 1287 1313 quia

83 1318 147 1376 nisi
159 1318 356 1378 abundaverit
365 1318 488 1395 justitia
501 1339 591 1394 usque
604 1319 645 1379 od
658 1325 690 1376 et
702 1326 776 1375 tune
788 1317 910 1375 veniens
923 1317 1026 1375 offeres
1039 1336 1147 1376 munus
1161 1323 1254 1377 tuum.

149 1399 340 1474 offertorium.

146 1481 259 1538 Perfice
271 1500 388 1558 gressus
401 1500 482 1538 meos
494 1480 527 1537 in
540 1480 655 1538 semitis
667 1479 738 1551 tuis,
753 1484 864 1536 utnon
876 1484 1053 1536 moveantur
1065 1479 1190 1556 vestigia
1203 1497 1285 1537 mee:

80 1560 196 1619 inclina
214 1581 316 1619 aurem
338 1569 431 1631 tuam,
451 1568 482 1618 et
502 1560 612 1619 exaudi
631 1560 722 1618 verba
741 1580 815 1633 mea,
831 1559 956 1618 mirifica
974 1559 1188 1619 misericordias
1207 1567 1283 1632 tuas,

78 1642 136 1718 qui
147 1641 246 1700 salvos
258 1641 331 1700 facia
344 1649 496 1720 sperantes
508 1643 542 1700 in
555 1647 595 1716 te,
611 1641 748 1699 Domine.

147 1723 267 1781 Secreto.

144 1803 322 1881 Propitiare,
350 1805 488 1875 Domine,
516 1802 783 1880 supplicationibus
816 1802 934 1874 nostris,
970 1809 1001 1859 et
1033 1801 1087 1864 has
1119 1803 1284 1861 oblationes

79 1884 262 1943 famulorum
282 1885 519 1962 famularumque
539 1893 661 1943 tuarum
682 1883 829 1960 benignus
850 1903 966 1941 assume
977 1903 986 1956 ;
1015 1890 1053 1941 ut
1073 1884 1153 1960 quod
1174 1884 1285 1961 singuli

78 1965 258 2024 obtulerunt
269 1967 308 2025 ed
321 1967 463 2025 honorem
480 1966 611 2024 nominis
627 1965 683 2038 tui,
701 1965 817 2024 eunctis
834 1965 969 2041 proficiat
989 1964 1028 2022 ad
1047 1964 1183 2023 salutem.
1226 1965 1285 2024 Per

81 2046 257 2104 Dominum.

145 2127 327 2187 Commorim.

74 2290 216 2361 eentabo,
230 2297 262 2348 et
274 2289 420 2367 psalmum
438 2289 533 2348 dicam
548 2288 686 2348 Domino.

141 2370 381 2429 Poetoommunio.

143 2450 222 2521 Quos
239 2452 357 2523 oaelesti,
381 2450 519 2522 Domine,
539 2451 616 2508 dono
629 2450 754 2519 satiasti,
768 2457 885 2527 praesta,
900 2470 1078 2527 quesumus,
1092 2457 1128 2509 ut
1140 2471 1159 2509 a
1171 2451 1281 2510 nostris

76 2532 258 2592 mundemur
270 2532 402 2605 occultis,
416 2539 447 2591 et
460 2533 498 2590 ab
511 2532 642 2589 hostium
656 2531 816 2590 liberemur
828 2532 952 2590 insidiia
994 2531 1054 2591 Per
1066 2532 1237 2594 Dominum.

549 2735 650 2793 Fama
671 2736 807 2806 Quaere.

139 2852 190 2911 Ad
201 2852 339 2913 Hebroeos
350 2854 419 2931 (xii.
437 2853 580 2911 ars-„xiil
597 2854 642 2932 8)

138 2934 276 2993 Fratres:
297 2935 451 2993 Habemus
463 2935 590 3012 gratiam
603 2954 755 3013 perquam
766 2937 938 3007 serviamus,
949 2937 1098 3015 placentes
1109 2935 1173 2993 Deo
1188 2956 1278 3012 usque

73 3017 120 3073 ad
133 3015 199 3073 heri
211 3022 243 3074 et
256 3016 352 3089 hodie,
368 3017 430 3093 ipse
444 3024 475 3073 et
488 3017 520 3072 in
534 3016 647 3073 saeoula

137 3096 308 3155 Secundum
320 3097 459 3155 Marcum
472 3096 517 3174 (a.
536 3095 650 3175 17-21).

135 3177 176 3235 1n
187 3177 241 3236 illo
254 3184 396 3255 tempore,
412 3177 489 3236 (lum
502 3197 635 3256 egressus
655 3186 732 3238 esset
749 3179 771 3237 J
773 3199 838 3238 esus
859 3181 891 3236 in
913 3179 971 3252 via,
986 3197 1167 3256 praeourrens
1186 3199 1276 3256 usque

72 3260 117 3316 ad
130 3264 163 3316 et
176 3258 254 3332 veni,
268 3278 391 3337 sequere
404 3277 458 3317 me.

558 3421 657 3479 Ferus
679 3421 786 3481 snm.

137 3538 231 3598 butio
245 3537 384 3615 &mate
397 3538 472 3597 beati
484 3537 634 3597 Jotanne
646 3537 778 3614 Apostoli
790 3541 806 3615 (
812 3540 824 3596 l
841 3539 873 3597 ii.
892 3539 968 3617 1-8)

137 3618 308 3679 Carissimi:
334 3619 410 3678 Haeo
434 3620 529 3678 scribo
552 3619 645 3692 vobis,
661 3626 696 3677 ut
716 3639 777 3679 non
798 3621 924 3696 peccetis
948 3641 1038 3696 aequa
1059 3621 1100 3679 od
1120 3628 1151 3679 et
1171 3639 1273 3678 verum

71 3701 176 3758 lumen
183 3702 249 3778 jam
262 3699 351 3770 lueet,
366 3700 406 3757 In
420 3700 539 3758 Christo
552 3700 574 3759 J
575 3720 636 3773 eeu,
651 3701 780 3759 Domino
794 3707 902 3759 nostro.

135 3779 301 3840 Secundum
314 3781 353 3837 M
351 3801 453 3840 arerem
466 3782 508 3858 (v.
527 3782 620 3859 1-20).

135 3862 174 3920 In
186 3861 239 3921 illo
252 3868 394 3940 tempore,
408 3862 504 3922 Venit
516 3863 605 3922 Jesue
618 3863 651 3921 in
668 3863 817 3941 regionem
833 3863 1047 3921 Gerasenorum
1069 3883 1160 3939 oeque
1181 3863 1222 3920 ad
1242 3871 1272 3920 et

70 3962 175 4001 ornnes
186 3943 381 4002 mirabantur.

250 4128 427 4223 'Domeros
448 4129 584 4187 Sarrum
605 4145 677 4188 rear
698 4129 838 4189 Oorivas
858 4131 1075 4189 Pmrscoarns.

133 4225 366 4385 dinumeras,
380 4306 513 4384 plaudite
527 4307 680 4365 manibus:
696 4307 824 4385 jubilate
835 4307 943 4369 Deoia
956 4328 1027 4366 vooe
1040 4307 1254 4367 exsultationis

135 4386 401 4547 gdbi'ddil'populos
414 4470 516 4528 nobis:
537 4475 568 4528 et
580 4436 683 4547 gentes
696 4470 751 4528 sub
764 4470 888 4548 pedibus
901 4470 1017 4528 nostris
