2804 4920
120 336 185 399 300
584 333 680 399 Festo
701 332 863 419 depasti.

180 500 318 655 igtur&
343 581 480 655 Domine,
505 581 653 659 mysteriis
677 580 761 657 digni
787 551 955 649 reddamur,
978 580 1032 640 ille
1057 600 1119 655 nos,
1144 598 1304 656 quesumus

119 662 229 721 veritas
243 663 391 721 illuminet
403 683 517 740 semper
537 670 567 722 et
591 664 779 739 foveatque
793 662 826 718 in
840 662 920 720 beati
939 662 1080 739 martyris
1098 665 1146 722 tui
1167 660 1304 719 baruntii

117 743 364 894 cdrpplpaetpplrplmam
377 765 437 802 suae
451 744 639 804 confessionis
649 744 793 811 accendit,
802 743 824 801 J
826 762 891 802 esus
902 742 1040 801 Christus
1049 743 1199 804 Dominus
1210 748 1301 799 noster.

179 918 358 978 Communia
402 918 462 988 Qui
475 919 550 976 mihi
565 919 722 978 ministrat.

179 1010 420 1069 Postoommaaio.

179 1090 267 1149 Sacro
290 1111 412 1150 munere
436 1093 544 1163 satiati,
563 1094 707 1171 supplices
730 1100 770 1167 te,
793 1093 930 1165 Domine,
951 1094 1154 1170 deprecamur,
1181 1097 1217 1149 ut
1237 1087 1300 1166 quod

117 1171 224 1229 debitae
259 1174 411 1230 servitutis
445 1173 623 1232 celebramus
660 1174 763 1245 officio,
799 1173 1001 1233 intercedente
1034 1176 1122 1233 beato
1158 1170 1300 1230 laurentio

117 1260 248 1329 martyre
260 1260 323 1327 tuo,
339 1254 511 1312 salvationis
525 1261 584 1314 tuse
597 1257 760 1314 sentiamus
774 1261 973 1333 augmentum
1017 1254 1085 1314 Per.

179 1457 235 1515 Per
260 1456 381 1515 Oetaeus
408 1459 503 1516 sancti
530 1460 687 1518 Laurentii
706 1463 766 1534 fiat
794 1460 922 1535 qrrotr'dr'e
949 1460 983 1518 dc
1007 1481 1038 1518 eo
1064 1460 1163 1518 Missa
1187 1458 1229 1517 tel
1251 1457 1296 1514 Jle·
1352 1428 1354 1473 i

119 1539 211 1595 enoria
221 1560 232 1606 ,¹
255 1549 281 1596 ct
294 1538 393 1596 omerio
400 1543 483 1613 fiant
503 1541 577 1598 sicat
596 1541 629 1598 ia
647 1540 703 1613 dio,
713 1551 822 1616 parler
835 1541 1029 1616 sequentiam.
1072 1540 1114 1599 Ia
1122 1540 1206 1599 Festo
1218 1549 1295 1596 mmet

117 1619 332 1695 Aaampaoaic
344 1619 423 1678 trita
434 1622 468 1678 de
482 1641 512 1678 eo
518 1625 579 1696 fiet.

348 1863 458 1922 Sason
480 1864 632 1936 Traunrn,
654 1881 814 1924 ussrrars.
859 1866 912 1940 (iii
929 1865 974 1923 Id
990 1863 1084 1941 Aug.)

181 2013 318 2107 Officium.
360 2013 468 2072 Justus
482 2022 517 2070 ut
529 2015 634 2091 palma

176 2096 405 2232 giiiioiiburtii
420 2176 558 2252 martyris
569 2176 614 2232 tui
624 2195 687 2248 uos,
700 2174 837 2247 Domine,
849 2174 969 2232 foveant
983 2174 1158 2232 continuate
1170 2168 1288 2249 presidia

115 2255 185 2331 quia
212 2275 272 2312 non
299 2256 407 2312 desinis
435 2256 580 2332 propitius
606 2256 727 2328 intueri,
756 2275 829 2333 quos
856 2256 967 2314 talibus
993 2255 1114 2313 auxiliis
1141 2248 1287 2311 concesseris

115 2336 257 2413 adjuvari.
302 2336 360 2394 Per
374 2337 536 2394 Dominum
550 2344 692 2395 nostrum.

174 2429 320 2486 Merrroria
333 2429 367 2487 de
381 2438 477 2487 correcto
494 2430 633 2488 Taurino.
678 2429 786 2487 Oratio.

175 2510 370 2586 Omnipotens
384 2511 561 2586 sempiterne
576 2511 666 2582 Deus,
682 2511 735 2587 qui
749 2510 780 2566 in
796 2510 911 2569 meritis
924 2510 1019 2568 saneti
1030 2508 1156 2567 Taurini
1164 2501 1285 2585 pontificis

114 2591 159 2647 tui
173 2610 286 2667 semper
300 2612 329 2648 es
344 2599 373 2648 et
388 2593 497 2667 ubique
512 2592 663 2661 mirabilis,
680 2612 856 2666 quaesumus,
872 2592 1058 2649 elementiam
1080 2597 1172 2659 tuam,
1187 2594 1218 2644 ut
1229 2585 1284 2642 sicut

113 2672 138 2728 ei
164 2674 341 2729 eminentem
364 2672 486 2748 gloriam
501 2673 664 2737 contulisti,
690 2674 731 2730 sic
759 2673 795 2728 ad
821 2672 1059 2748 consequendum
1083 2666 1283 2728 misericordiam

113 2762 195 2811 tuam
209 2756 271 2828 ejas
285 2774 337 2809 nos
351 2754 439 2810 facias
453 2755 587 2830 precibus
601 2753 743 2828 adjurari.
787 2752 853 2810 Per.

172 2847 313 2922 Epistola.
357 2847 454 2904 Nemo
468 2847 607 2903 militans.

175 2927 307 2984 (tradate.
352 2929 393 2984 Os
403 2928 488 3002 justi.

171 3009 317 3083 Alleluya.
369 3011 397 3065 V.
422 3008 560 3078 Posuisti,
576 3008 710 3065 Domine.

171 3098 369 3171 Errrapelr'arn.
413 3097 579 3154 ›S'ecrmdurn
596 3098 775 3154 rllattlroeum.
820 3097 851 3154 Si
866 3097 932 3172 quis
945 3096 1037 3152 venit.

177 3178 368 3251 offertorium.
412 3179 607 3235 Desiderium.

174 3271 294 3328 Secreta.
1286 3331 1291 3340 Ι

170 3351 292 3420 Adesto,
309 3352 435 3407 Domine
451 3353 583 3428 precibus
598 3352 699 3427 populi
713 3353 768 3420 tui,
783 3351 883 3407 adesto
897 3351 1079 3421 muneribus,
1092 3357 1127 3406 nt
1142 3369 1204 3425 qua
1217 3348 1305 3403 sarri*

108 3439 178 3488 sunt
192 3432 291 3487 oblata
304 3433 461 3507 mysteriis
477 3442 595 3489 tuorum
610 3434 666 3489 tibi
678 3434 811 3508 placeant
820 3431 1026 3488 intercessione
1035 3439 1209 3488 sanctorum.
1235 3427 1307 3483 per.

169 3525 240 3580 Alia
254 3527 375 3583 rS'erreta.

169 3606 296 3681 Suscipe,
313 3606 447 3678 Domine,
464 3607 622 3663 oblationis
636 3614 743 3663 nostrae
753 3626 869 3677 munus,
880 3612 911 3660 et
925 3605 1018 3661 saneti
1035 3605 1159 3661 Taurini
1175 3598 1317 3679 precibus

108 3694 170 3744 esto
185 3687 268 3743 nobis
282 3689 437 3763 propitius,
448 3709 500 3763 pro
511 3688 595 3762 eujus
606 3688 880 3744 eonnnemoratione
890 3685 965 3741 illud
979 3686 1035 3741 tibi
1050 3687 1206 3743 offerimus.
1235 3679 1319 3738 per.

169 3780 349 3839 Communia
394 3781 502 3837 Beatus
517 3801 625 3837 servus

169 3874 408 3931 I'astcommnaio.

168 3956 359 4030 Sumpsimus,
374 3955 507 4022 Domine,
520 3955 627 4028 pignus
641 3952 850 4028 redemptionis
861 3959 991 4008 reiterare:
1010 3952 1050 4007 sit
1061 3952 1155 4021 nobis,
1168 3949 1275 4007 Domi!
1285 3949 1321 4031 ¹5}

103 4055 280 4110 quaesumus,
302 4037 518 4092 interveniente
546 4037 630 4091 beato
658 4034 794 4089 Tiburtia
819 4042 948 4108 martyre
975 4039 1038 4105 tuo,
1060 4033 1131 4089 rita
1155 4048 1271 4109 praesen
1279 4024 1322 4067 θ

106 4117 250 4173 arixiliunr
266 4119 374 4191 pariter
388 4126 418 4173 et
433 4117 547 4172 fntrrrrr.
592 4116 650 4171 Per
665 4115 835 4170 Dominum.

167 4210 236 4265 illia
251 4210 492 4266 l’oacommaaio.
1293 4266 1302 4276 ,

167 4291 359 4347 Dulcedinenr
370 4292 415 4347 tui
424 4291 531 4346 amoris
541 4290 677 4357 immitte,
690 4308 866 4363 (praesumus,
879 4287 1015 4358 Domine,
1023 4288 1174 4344 mentibus
1185 4281 1324 4358 nostr-¹¹²·

105 4377 140 4428 ut
153 4373 337 4447 perceptione
352 4372 481 4447 corporis
496 4371 540 4426 tni
559 4379 589 4426 et
603 4370 756 4443 anagninis
778 4369 929 4439 ludificati,
945 4368 1025 4425 beati
1041 4369 1164 4426 Taurini
1178 4362 1325 4423 merit-1⁵»

106 4471 269 4508 mereamur
282 4472 395 4529 semper
408 4453 446 4508 ab
460 4452 596 4507 omnibns
610 4450 747 4526 periculis
762 4450 887 4506 defendi.
932 4449 998 4506 Por.
