2804 4920
597 355 734 442 Preface
1243 380 1267 421 v

10 554 12 561 ·
132 526 203 592 The
225 525 356 592 volume
378 523 436 589 did
457 529 517 588 not
538 544 628 588 come
650 523 722 587 into
743 544 801 607 my
822 521 928 586 hands
950 521 1038 586 until
1059 522 1115 587 the
1137 530 1268 609 present

68 638 207 703 Edition
216 658 286 702 was
298 636 431 723 printed
444 635 493 700 off
502 633 602 699 usfar
615 655 651 698 as
664 632 722 698 the
738 633 860 711 Canon,
876 632 960 698 after
972 632 1081 699 which
1100 634 1156 699 the
1171 634 1267 698 colla-
1326 613 1330 622 ¹

68 735 140 814 tion
154 749 194 814 os
210 748 269 813 the
284 747 349 814 MS.
366 748 395 812 is
408 746 508 832 given
521 745 606 810 with
620 744 678 810 the
692 748 773 810 text

133 859 205 924 The
220 858 310 924 chief
326 857 505 922 variatione
518 856 669 921 between
689 855 748 920 the
763 855 829 922 MS.
844 856 911 921 and
924 856 981 921 the
996 856 1147 921 Editions
1160 856 1270 922 before

68 971 127 1036 the
156 969 259 1036 Offiee
283 970 319 1033 in
348 967 439 1035 Cena
461 969 607 1047 Domini,
624 967 734 1033 where
760 967 818 1033 the
843 967 914 1035 Ms.
930 968 1050 1034 breaks
1076 969 1129 1047 off,
1154 990 1209 1033 are
1234 991 1270 1032 aa

68 1082 215 1146 follows·
214 1118 260 1127 -

67 1205 192 1284 Paget.
215 1203 378 1263 Dounuos
398 1219 539 1263 sncuuna
558 1205 739 1263 Anvnurus.

276 1283 411 1343 Gradale
453 1285 586 1343 Laetatus
598 1305 665 1343 sum
677 1285 725 1343 his
738 1304 804 1361 quoe
814 1285 978 1344 dictasunt
991 1285 1084 1359 mihi;
1104 1286 1137 1343 in
1150 1285 1272 1344 domum

214 1365 339 1423 Domini
351 1366 469 1424 ibimus.

95 1518 114 1547 ‚,
144 1472 196 1544 23,
218 1471 281 1530 line
295 1471 354 1530 4-6.
398 1471 494 1530 Causa
505 1490 606 1547 paenae,
620 1471 702 1529 loeus
715 1490 815 1548 paenae,

396 1551 429 1610 Si
442 1558 610 1628 pensentur,
624 1552 660 1609 in
671 1551 724 1610 doe
736 1552 822 1629 plene

435 1631 562 1691 Plenum
576 1638 621 1690 eet
634 1632 821 1708 martyrium.

94 1793 112 1821 „
142 1747 194 1806 26.
217 1746 258 1804 Iu
279 1746 409 1804 Vrouns
430 1746 621 1804 Errrrrsurra.

275 1826 515 1886 Poetcommunm.
572 1827 723 1899 illumina,
758 1845 934 1903 quaesumus,
964 1826 1101 1899 Domino,
1131 1828 1274 1904 populum

213 1915 312 1980 tuum,
334 1914 364 1965 et
387 1907 540 1985 splendore
562 1906 662 1985 gloriae
692 1915 752 1964 tuae
779 1927 829 1965 cor
851 1909 914 1984 ejus
941 1927 1056 1984 semper
1077 1909 1209 1980 accende,
1239 1916 1274 1966 ut

214 1989 371 2048 salvatoris
384 1989 487 2047 mundi
502 1988 588 2046 stella
597 1988 759 2046 famulante
771 1988 959 2046 manifestata
970 1989 1113 2047 nativitas
1127 1990 1275 2047 mentibus

213 2069 324 2128 nostris
336 2069 484 2128 reveletur
497 2088 610 2145 semper
623 2076 654 2126 et
666 2074 783 2129 creseat.
826 2068 886 2127 Per
898 2069 1032 2128 eundem.

93 2215 112 2243 „
141 2170 194 2228 27.
217 2168 404 2238 Saeuum,
420 2167 480 2225 line
495 2167 514 2223 4
527 2167 602 2225 from
616 2166 688 2225 foot.

276 2248 360 2326 Magi
372 2248 453 2306 dueta
465 2248 521 2306 eibi
533 2248 683 2324 impkntea
695 2248 814 2305 monita.

93 2393 112 2421 „
142 2347 198 2407 44.
222 2345 323 2403 Fraus
344 2362 439 2403 sarrs
459 2361 530 2403 rosc
551 2345 655 2403 Osrur
674 2361 802 2403 inuuuu.

278 2425 411 2484 Gradole.
455 2426 592 2498 Domine,
607 2427 754 2502 refugium
762 2426 857 2484 factus
870 2445 901 2484 es
914 2425 999 2484 nobis
1013 2445 1030 2483 a
1043 2427 1232 2503 generatione
1246 2434 1276 2485 et

214 2525 452 2664 litmgffiiresqnam
471 2594 586 2645 montes
605 2587 720 2661 fierent,
734 2594 788 2645 aut
807 2587 983 2645 formaretur
1003 2596 1082 2646 terra
1101 2594 1132 2646 et
1152 2588 1240 2660 orbis,
1256 2607 1277 2645 a

214 2668 323 2727 saeoulo
336 2670 389 2726 et
380 2688 413 2726 m
426 2669 565 2726 saeculum
585 2674 620 2726 tu
633 2688 664 2727 es
678 2668 769 2727 Deus.

91 2815 110 2841 „
139 2769 194 2828 54.
218 2766 382 2825 Dorrnucs
401 2765 549 2824 Securus
570 2766 831 2835 Quanmonsrnr.

276 2846 398 2906 Secreto.
441 2846 597 2904 Sacrifioiis
611 2846 813 2923 praesentibus,
823 2845 960 2916 Domine,
970 2865 1144 2921 quaeeumuS,
1156 2846 1277 2904 intende

213 2927 358 3006 placatus,
372 2935 407 2985 ut
421 2933 452 2985 et
465 2927 617 2985 devotioni
630 2933 737 2985 nostrae
751 2926 908 3004 proficiant
921 2933 951 2983 et
961 2925 1058 2984 saluti.
1102 2927 1167 2984 Per.

91 3076 109 3104 „
140 3028 196 3089 57.
215 3028 320 3085 Fama
340 3042 460 3093 raama.

278 3105 520 3166 Poetcommuaio.
563 3106 611 3165 Ut
628 3107 726 3179 sacris,
741 3106 877 3178 Domine,
892 3105 1051 3163 reddamur
1068 3105 1151 3184 digni
1162 3126 1277 3165 muner·

213 3189 284 3247 ibus
297 3188 343 3246 fac
355 3207 417 3260 nos,
432 3207 608 3264 quaesumus,
624 3189 685 3246 tuis
699 3188 816 3246 obedire
830 3187 986 3245 mandatis.
1028 3186 1093 3246 Per.

90 3344 109 3370 „
154 3340 175 3369 ‚,
202 3294 309 3352 um
328 3308 458 3361 unsara.

278 3373 515 3432 Poatcommunio.
558 3372 700 3450 Sumptis,
719 3373 852 3445 Domine,
876 3373 1072 3445 sacramentis,
1088 3372 1126 3430 ad
1145 3373 1276 3450 redemp-

213 3454 309 3514 tionis
322 3460 446 3527 aeternae,
458 3473 633 3530 quaesumus,
648 3453 833 3531 proficiamus
846 3459 1044 3531 augmentum.
1087 3453 1155 3512 Per.

93 3609 111 3636 ‚,
142 3563 197 3622 58.
221 3560 324 3620 qus
342 3574 464 3628 eonem.

278 3639 519 3698 Poataommuuio.
563 3638 668 3697 Gratia
688 3644 742 3696 tua
765 3657 829 3711 nos,
857 3637 992 3710 Domine,
1016 3658 1192 3715 quaesumus,
1217 3658 1277 3695 non

213 3720 412 3796 derelinquat,
423 3740 489 3798 quae
500 3727 530 3778 et
539 3739 627 3778 sacrae
637 3738 690 3777 nos
700 3719 812 3777 deditos
826 3718 914 3777 faciat
927 3718 1066 3776 servituti
1080 3726 1110 3776 et
1125 3729 1182 3776 taae
1195 3720 1280 3776 nobis

213 3821 307 3880 opera
333 3820 446 3878 eemper
469 3800 603 3878 acquirat
629 3800 785 3876 lurqitutee,
813 3809 839 3859 et
862 3801 898 3859 ab
925 3801 1058 3859 omnibus
1080 3820 1133 3859 noe
1160 3810 1278 3859 tueatur

214 3882 355 3942 admeto.
397 3882 464 3940 Per.

92 4038 112 4068 „
143 3991 197 4052 68.
222 3988 328 4048 nanu
347 4003 465 4048 mura

275 4067 421 4128 Peulmua.
465 4067 667 4127 Conturbatus
688 4086 754 4126 sum
774 4067 806 4124 in
828 4067 1040 4125 exercitatione
1060 4086 1144 4127 mea:
1166 4073 1197 4125 et
1211 4086 1279 4125 eon-

214 4150 359 4210 turbatus
372 4167 553 4208 sumavooe
566 4149 721 4221 inimici,a
735 4147 922 4207 tribudetiooe
930 4148 1096 4225 peccatoria.

92 4306 111 4336 „
142 4260 195 4322 70.
219 4257 324 4317 Fran
344 4271 466 4325 curura.

280 4336 475 4412 Offertoriwn.
531 4334 669 4409 Domine,
697 4335 731 4393 in
754 4334 900 4393 auxilinm
927 4354 1025 4394 meum
1052 4335 1180 4411 respice:
1214 4352 1281 4393 eon-

212 4417 385 4479 frmdantur
400 4423 431 4476 et
444 4423 635 4476 revereantur
647 4435 747 4475 omnes
767 4415 820 4492 qui
833 4422 971 4493 quaerrmt
983 4416 1113 4473 animam
1126 4435 1231 4488 meam,
1245 4421 1281 4472 ut

216 4498 361 4559 amoram
374 4516 448 4557 eam.
