2804 4920
106 333 170 397 342
565 332 664 400 naa
686 333 841 401 Octobris.

167 499 368 574 Eooiayslium.
411 501 598 559 Descendens
610 500 634 559 ,J
635 520 702 560 esus
714 501 752 560 de
765 507 874 560 monte.

169 579 362 655 offertorium.
405 581 628 641 Gloriabuntar.

168 660 289 719 semla.

169 741 286 812 Hostia,
310 743 447 813 Domine,
470 764 645 820 quaesumus,
665 764 755 821 quam
776 745 809 802 in
830 756 1000 803 sanctorum
1018 752 1139 803 tuorum
1158 743 1274 821 Dionysii,

108 821 234 894 Rustici,
250 830 280 881 et
298 824 463 882 Eleutherii
480 825 626 883 natalitiis
645 832 828 884 recensentes
847 826 1006 896 offerimus,
1020 832 1052 885 et
1065 826 1182 884 vincula
1195 832 1275 883 noste

108 903 265 1041 pravitatis
291 905 434 977 absolvat,
462 913 493 964 et
520 912 580 963 tuoe
607 907 693 966 nobis
719 907 926 966 misericordie
952 907 1032 966 dona
1058 907 1199 967 conciliet
1235 905 1277 963 Per

141 1003 282 1043 ominum.

171 1063 350 1126 Conomunio.
393 1067 536 1140 Gaudete,
547 1068 632 1144 justi

171 1146 413 1205 Poatcommum'o.

172 1227 353 1300 Quaesumus,
376 1230 561 1304 omnipotens
581 1229 673 1304 Dens,
694 1236 729 1288 ut
749 1230 803 1308 qui
821 1231 947 1289 caelestia
959 1231 1103 1291 alimenta
1114 1229 1273 1308 percepimus

111 1308 360 1367 intercedentibus
373 1310 482 1368 sanctis
490 1311 551 1367 tuis
560 1310 714 1388 Dionysio,
729 1312 862 1383 Rustico,
874 1312 1055 1385 Eleutherio,
1064 1333 1118 1390 per
1129 1313 1189 1370 hec
1200 1317 1275 1370 centn

110 1390 210 1448 omnis
222 1390 345 1448 adversa
358 1391 534 1448 muniamur.

170 1469 282 1529 Eodem
294 1472 342 1530 die
355 1472 466 1530 dicitur
478 1472 574 1531 Missa
586 1473 623 1532 da
634 1482 734 1532 sancto
749 1473 860 1532 Thomu
869 1475 997 1552 episcopo
1009 1474 1045 1533 ia
1060 1473 1200 1550 Capitale.
1309 1524 1312 1555 s

228 1692 340 1751 Sancti
361 1691 504 1763 Paunrru,
526 1709 660 1752 nancorr
680 1710 719 1752 nr
737 1709 942 1753 conrsssoms.
985 1692 1037 1772 (vi
1053 1693 1100 1752 Id
1116 1692 1191 1768 Oct)

173 1840 313 1915 Officium.
357 1840 527 1899 Sacerdotes
541 1841 608 1900 Dei.
1310 1856 1312 1917 ζ

172 1933 337 2091 1))ΐᾲιῖᾖυί
358 2034 412 2073 nos
432 2014 519 2073 hodia
543 2015 624 2073 beati
647 2013 768 2073 Paulini
788 2014 960 2074 confessoris
981 2014 1029 2072 tni
1051 2010 1208 2072 veneranda
1224 2005 1274 2065 nais
1309 1962 1312 1993 Ι

111 2094 308 2154 sollemnitate
327 2096 462 2172 gaudere,
482 2097 588 2169 tribue,
604 2116 781 2172 quaesumus
802 2097 865 2172 ejus
882 2115 997 2173 semper
1016 2114 1071 2153 nos
1090 2101 1120 2153 et
1139 2094 1191 2171 piis
1205 2087 1273 2147 defeu-

112 2176 244 2234 sionibus
257 2177 370 2234 muniri
383 2183 413 2234 et
434 2178 617 2235 orationibus
630 2177 774 2254 adjuvari.
818 2177 883 2236 Per.

174 2271 315 2347 Epistola.
358 2270 380 2329 J
381 2277 482 2328 aestum
491 2270 625 2329 deduxit.

175 2362 311 2421 Grcdclc.
353 2363 428 2420 Ecce
441 2363 580 2422 sacerdos.

124 2511 126 2516 A
174 2443 324 2519 Alleluya.
372 2445 400 2503 V.
424 2444 573 2520 Disposui.

174 2536 374 2612 anuqelium.
417 2537 481 2593 Vos
495 2536 565 2594 estis
578 2537 620 2594 sal
634 2543 728 2594 terrae.

176 2619 368 2691 offortorium.
414 2618 609 2676 Desideriuni.

175 2699 294 2758 semla.
1310 2750 1312 2773 :

177 2781 314 2838 Ecclesiae
337 2787 403 2851 tum,
425 2779 561 2850 Domine,
585 2801 707 2837 munera
728 2779 877 2836 sanctifica
888 2798 897 2851 ;
920 2787 950 2835 et
964 2778 1096 2849 concede,
1119 2783 1152 2833 ut
1169 2792 1212 2850 per
1226 2781 1270 2823 eun
1310 2798 1312 2803 ·

115 2862 198 2936 eujus
214 2882 387 2919 veneramur
395 2862 556 2931 sollemnia,
572 2862 656 2917 nobis
671 2863 745 2918 fiant
760 2867 812 2917 tun
825 2862 938 2917 virtute
952 2860 1101 2916 salutaria.
1144 2857 1201 2913 Per.

178 2953 361 3012 Gonannmio.
406 2954 515 3011 Fidelis
530 2974 639 3011 servus

177 3050 418 3107 Postcanmanio.
1264 3105 1268 3115 ,

176 3131 300 3206 Sumpta
321 3150 382 3201 nos,
403 3130 540 3198 Domina,
555 3135 737 3186 sacramanta
751 3128 911 3195 vivificent,
933 3133 963 3184 et
977 3128 1057 3183 beati
1078 3119 1227 3183 confessoris
1241 3122 1270 3164 iffi

113 3219 203 3286 atque
217 3211 363 3286 pontificis
378 3210 498 3266 Paulini
512 3211 653 3267 continuo
667 3211 820 3267 foveamur
838 3208 985 3284 siiffiagiO,
1001 3209 1085 3281 cujus
1103 3206 1182 3262 hodie
1194 3206 1271 3258 sacrem

115 3293 238 3350 colimus
251 3292 451 3348 festivitatem.
496 3291 560 3348 Per.
586 3350 589 3357 ,

290 3515 400 3571 Siron
422 3514 555 3580 Nmnsn,
577 3530 790 3580 samonunoun
810 3528 890 3570 nius,
933 3509 1134 3585 (v.1d.Oct.)
1310 3520 1312 3581 !

177 3662 317 3736 Officiuns.
361 3660 532 3717 Sacerdotes
546 3663 616 3736 ejus.

177 3743 286 3800 Oratio.

175 3824 265 3894 Dens,
282 3823 333 3899 qni
347 3828 478 3879 sanctam
492 3823 576 3880 nobis
589 3825 677 3898 hujus
685 3823 744 3879 diei
754 3821 982 3878 sollemnitatem
989 3819 1022 3875 in
1034 3819 1142 3875 honore
1150 3812 1273 3872 sanciumm

112 3913 276 3981 martyrum
304 3912 424 3962 tuorum
453 3904 575 3973 Nicasii,
606 3904 734 3975 Quirini,
758 3910 790 3959 et
819 3900 969 3959 Scuviculi
994 3897 1182 3965 consecrasti3
1206 3884 1275 3969 adan

110 3987 229 4044 familiae
243 3995 303 4044 tuae
317 3987 461 4061 precibus,
477 3993 507 4042 et
522 3986 599 4041 dona
614 3992 648 4042 ut
663 4005 790 4059 quorum
803 3984 880 4040 festa
894 3981 1084 4049 celebramus,
1100 3995 1191 4037 eorum
1200 3962 1274 4026 mento

112 4076 142 4125 et
156 4068 269 4125 auxilio
284 4067 478 4123 sublevemur.
522 4066 587 4122 Per.

171 4148 313 4224 Epistol.
357 4147 616 4204 Rememoramini.

172 4230 307 4286 Grcdcale.
351 4228 523 4286 Sacerdotes
537 4229 608 4302 ejus.

170 4311 320 4385 Alleluyn.
370 4309 399 4368 V.
424 4309 688 4384 Fulgebuntjusti.

170 4390 371 4466 Evanqelinm.
415 4391 491 4447 Cum
506 4398 728 4466 persequentur.

169 4471 364 4546 offertorium.
406 4471 612 4529 Exsultabunt
625 4472 728 4530 sancti.
