2804 4920
510 333 606 400 Festo
627 333 834 420 Septembris.
975 354 980 363 ·
1209 337 1272 406 327

132 497 376 559 Poseommeoto.

131 578 303 640 &notificet
325 600 389 654 nos,
403 580 551 653 Domine,
578 600 756 658 quaesumus,
782 581 830 640 tui
856 583 1005 660 perceptio
1031 583 1216 655 sacramenti,
1241 589 1273 642 et

65 658 280 720 intercessione
291 663 386 721 beatae
400 662 545 721 Eufemiae
559 663 699 739 martyris
713 662 769 720 tibi
782 663 886 722 reddat
899 674 1040 742 acceptos.

199 883 311 945 Saron
332 885 502 959 Lnnnnnrr,
523 901 659 945 nnscorr
680 902 718 944 nr
738 901 900 945 mrrnrs.
943 886 1005 965 (xv.
1022 885 1093 944 Kal.
1110 885 1189 964 Oct)

132 1015 273 1156 ἓξιὶἴήιιη.
315 1017 486 1077 Sacerdotes
499 1019 566 1077 Dei.

194 1100 242 1158 tio.

129 1177 251 1251 Proeto,
266 1199 444 1257 quesumus,
458 1180 646 1257 omnipotens
667 1180 758 1253 Deus,
774 1186 810 1239 ut
822 1179 944 1238 beatum
968 1179 1171 1251 Lambertum,
1186 1200 1273 1258 quem

65 1258 207 1318 Ecclesiae
218 1267 279 1318 tum
292 1261 461 1338 pontificem
475 1281 536 1319 esse
550 1261 733 1319 constituisti
746 1269 778 1318 at
791 1270 962 1337 martyrem,
976 1262 1200 1339 suffragatorem
1214 1282 1268 1320 nos

64 1340 158 1398 facias
171 1341 278 1400 hebere
298 1361 467 1419 perennem,
481 1349 512 1400 et
525 1342 564 1400 ad
577 1341 771 1400 beatitudinis
791 1361 852 1401 suae
872 1343 1051 1400 consortium
1072 1341 1156 1419 pium
1176 1342 1268 1401 intro

64 1421 228 1480 ductorem.
271 1423 338 1481 Per.

128 1503 271 1579 Eprstolo.
315 1503 421 1563 Omnis
434 1502 578 1580 pontifex.

130 1582 266 1643 aradae.
309 1584 419 1642 Inveni
432 1584 540 1642 David.

129 1663 277 1742 Allelnya.
325 1665 355 1724 V.
378 1665 509 1723 Posuisti
521 1664 657 1723 Domine.

128 1745 328 1822 Eoonqelium.
372 1745 525 1803 circuibat
538 1745 560 1803 J
561 1764 634 1803 esus

130 1823 322 1899 Offertmium.
364 1826 403 1884 In
416 1826 537 1885 virtute.

128 1909 249 1965 Secreto.

128 1986 312 2060 Intercessio,
334 2006 511 2064 quaesumus,
531 1987 670 2058 Domine,
693 1987 774 2045 beati
797 1987 950 2045 Lomberti
975 1988 1116 2064 martyris
1138 1990 1185 2047 tui
1205 1989 1267 2047 hmo

63 2067 125 2126 tibi
138 2068 323 2127 commendet
336 2069 485 2141 sacrificis,
501 2073 532 2126 et
546 2075 598 2126 tua
612 2069 644 2125 in
656 2069 743 2126 nobis
756 2068 935 2146 multiplicet
949 2068 1034 2126 dono.
1078 2068 1144 2130 Per.

127 2147 308 2208 Commsmio.
351 2149 490 2222 Posuisti,
505 2148 642 2207 Domine.

126 2229 370 2291 Poetcommunio.

126 2311 259 2387 Sumpta,
275 2311 412 2382 Domine,
427 2317 610 2369 sacramente
630 2310 810 2388 sempiterna
829 2309 984 2369 dulcedine
1004 2330 1058 2369 nos
1078 2311 1220 2381 reficiunt,
1235 2319 1265 2371 et

57 2392 144 2450 beati
165 2391 317 2451 Lamberti
338 2392 477 2468 martyris
497 2392 670 2451 interventu
690 2392 794 2470 dignos
814 2392 961 2467 majestati
982 2401 1041 2450 tusc
1055 2412 1109 2451 nos
1122 2395 1261 2470 perficiet.

60 2473 132 2532 Pcr.

179 2625 219 2684 Iu
239 2625 370 2685 Vromm
390 2642 495 2685 ssncrr
517 2624 683 2696 Murrum,
704 2641 856 2686 arosrom.
898 2625 961 2688 (xii
978 2624 1047 2684 Knl.
1064 2624 1144 2695 Oct.)

124 2761 266 2836 Officium.
309 2761 373 2839 Ego
386 2767 493 2819 nutem.

124 2842 237 2902 Oratio.

122 2923 174 2982 Da
186 2922 281 2996 nobis,
294 2941 469 3000 quesumus,
483 2922 669 2999 omnipotens
679 2921 773 2994 Deus,
786 2927 821 2979 ut
834 2919 914 2979 beati
927 2919 1064 2979 Matthaei
1077 2919 1202 2998 apostoli
1214 2922 1262 2980 tui

57 3014 92 3064 ct
105 3003 305 3081 evengelistae,
318 3024 408 3081 quam
426 3004 630 3080 prevenimus,
645 3002 814 3061 veneranda
826 3002 1015 3074 sollemnitas,
1030 3008 1061 3060 et
1074 3001 1261 3061 devotionem

58 3084 149 3145 nobis
162 3091 269 3162 augeat
283 3091 314 3143 et
327 3085 461 3142 salutem.
505 3084 569 3142 Per.

121 3166 266 3243 Epistola.
309 3164 419 3224 Beatus
432 3165 488 3238 vir,
504 3165 556 3242 qni
568 3165 709 3223 inventus
723 3170 775 3223 est.

123 3246 260 3306 Gradals.
303 3246 410 3304 Justus
424 3252 459 3304 nt
472 3246 577 3323 pulmo.

121 3327 158 3388 Si
170 3326 441 3402 Dominieasuerit,
456 3327 604 3403 Alleluyo.
653 3325 682 3384 1⁷.
705 3325 764 3384 Per
777 3345 889 3383 manus.

121 3408 291 3469 Secundum
305 3408 418 3466 Leccam
430 3408 474 3479 (o.
491 3407 611 3483 27-32).

121 3489 163 3547 In
182 3488 236 3547 illo
256 3496 396 3568 tempore,
411 3488 500 3547 Vidit
511 3487 533 3547 J
535 3507 600 3548 esus
613 3487 803 3566 publicanum
815 3504 905 3563 osque
917 3486 960 3546 ad
978 3485 1031 3547 sed
1043 3492 1208 3565 pecuniosus
1220 3488 1258 3546 ad

59 3575 315 3725 poeanprtgnnpm
358 3648 461 3709 Gloria
474 3649 634 3708 ethonore.

122 3732 244 3791 Secreto.

122 3813 184 3872 Pro
195 3811 349 3891 apostolici
368 3810 534 3870 reverentia
547 3810 684 3869 culminis
698 3810 852 3868 offerentes
871 3829 953 3868 sacra
973 3808 1121 3886 mysteria,
1136 3815 1252 3887 praests,

60 3893 200 3967 Domine,
227 3912 403 3972 quaesumus,
430 3897 466 3950 ut
499 3892 577 3950 beati
611 3891 751 3949 Matthaei
783 3890 907 3967 apostoli
937 3891 983 3949 tui
1010 3897 1041 3949 et
1069 3889 1255 3968 evangelistas

60 3974 219 4053 suffragiis,
234 3975 318 4051 cujus
337 3972 474 4031 natalitio
492 3973 695 4048 praevenimus,
711 3972 772 4031 haec
785 3972 868 4048 plebs
881 3978 934 4029 tna
949 3990 1063 4048 semper
1075 3977 1106 4030 et
1119 3990 1173 4030 aus
1185 3977 1256 4030 vote

61 4056 217 4134 depromat
230 4060 261 4114 ct
273 4054 437 4113 desiderata
449 4054 599 4131 percipiat.
642 4053 708 4112 Per.

122 4134 306 4198 doemonio.
349 4135 487 4194 Posuisti.

122 4216 366 4277 Postcommunio.

120 4298 210 4358 Beati
237 4296 376 4356 Matthaei
408 4296 532 4375 apostoli
558 4296 606 4353 tui
631 4301 662 4354 ot
688 4293 882 4372 evangeliste,
911 4311 1086 4371 quesumus,
1114 4292 1253 4366 Domine,

61 4378 276 4458 supplicatione
297 4378 438 4456 placatus,
459 4384 491 4435 et
512 4378 627 4434 veniam
651 4377 736 4435 nobis
749 4375 922 4435 delictorum
946 4375 1053 4446 tribue,
1074 4378 1105 4433 et
1124 4373 1255 4434 remedia

61 4461 242 4539 sempiterna
254 4458 384 4519 concede
427 4458 486 4516 Per
499 4457 670 4516 Dominum.
