2804 4920
104 320 170 382 284
597 316 694 381 Festo
714 315 817 382 Jotit.

165 484 471 637 Sigiiciiiiiiuiiiiiiiine,
486 570 541 622 tus
553 570 736 623 sacramenta
749 563 820 621 dent
834 564 985 637 honorem,
1000 565 1107 623 boetus
1122 561 1282 622 Grimbeldus

102 646 252 704 confessor
267 655 344 718 tuus,
356 664 533 722 quaesumus,
548 652 683 723 precator
696 645 822 703 secedet.
865 645 931 704 Per.

500 801 540 858 In
560 800 659 859 Fssro
681 801 915 871 Rsnroumsusr.

168 907 248 965 Nota
270 908 387 983 quod
375 929 409 965 m
436 907 594 965 Domiru‘oo
617 909 720 982 primo
736 917 804 984 post
826 907 946 967 Festum
972 907 1190 1002 Transhtionio
1213 907 1287 966 oorrcti

108 989 146 1046 Pl
143 1009 223 1046 tomo
237 989 393 1047 celebratur
406 988 526 1047 Festum
538 988 751 1064 Reliquiurum.

169 1069 312 1144 Officium.

168 1150 355 1208 Gaudeamus
373 1170 474 1208 omnes
495 1149 528 1206 in
547 1150 677 1208 Domino
698 1152 775 1208 diem
796 1151 904 1209 festum
918 1151 1099 1210 celebrantes
1122 1151 1177 1209 sub
1200 1150 1289 1208 honore

107 1238 276 1290 sanctourm
290 1232 425 1304 istorum,
440 1232 477 1289 do
491 1250 618 1306 quorum
631 1232 830 1291 sollemnitate
843 1232 973 1311 gaudent
986 1232 1085 1311 angeli
1098 1239 1130 1291 et
1143 1231 1289 1290 oolluudunt

110 1312 219 1371 Filium
234 1312 300 1371 Dei.

168 1393 313 1452 Psalmus
357 1391 514 1451 Exsultste
523 1393 607 1469 justi

168 1474 273 1550 Kyrie,
289 1475 356 1532 Rex
370 1474 533 1552 splendens.

172 1556 282 1613 Oratio.

168 1636 344 1713 Propitisre,
368 1655 546 1713 quaesumus,
570 1636 707 1707 Domine,
732 1637 817 1694 nobis
841 1636 961 1694 famulis
980 1637 1042 1695 tuis
1063 1657 1118 1714 per
1144 1641 1289 1695 sanctorum

106 1725 237 1787 tuorum,
247 1737 372 1794 quorum
382 1717 512 1794 reliquiae
524 1720 555 1774 in
564 1718 703 1795 praesenti
711 1718 902 1776 eontinentur
911 1718 1050 1791 Ecclesia,
1061 1718 1169 1775 merite
1176 1717 1287 1794 gloriose,

109 1805 144 1855 ut
158 1817 259 1855 eorum
273 1799 323 1874 pia
336 1799 544 1857 intercessione
557 1800 595 1856 ab
609 1800 745 1857 omnibus
756 1818 868 1875 semper
878 1806 1069 1876 protegamur
1078 1799 1212 1857 adversis
1237 1796 1287 1855 Per.

170 1879 311 1955 Epistola.
357 1878 401 1935 Hi
416 1886 487 1937 sunt
500 1880 566 1937 viri.

172 1960 306 2017 Grodale.
350 1959 555 2018 Exsultabunt
568 1961 671 2018 saneti.

119 2040 146 2099 V.
170 2042 296 2099 Cantste
311 2041 441 2099 Domini.

169 2122 319 2198 Alleluyn.
368 2121 398 2179 V.
421 2121 504 2180 Justi
518 2122 685 2199 epulentur.

169 2204 333 2279 Sequentia.
377 2203 452 2261 Eece
466 2203 597 2279 pulchre,
612 2203 647 2260 in
661 2201 820 2262 Oommunt‘
833 2204 926 2263 unius
935 2204 1083 2280 otortyrie.

170 2285 371 2360 Evanyeliom.
414 2283 530 2342 Videns
543 2285 564 2342 J
567 2304 632 2342 esus
645 2285 756 2342 turbas.

173 2363 364 2438 Offertorimu.
409 2364 565 2423 Mirnbilis.

172 2445 294 2504 Secreta.

170 2526 318 2604 Suscipist
339 2527 496 2584 elementia
517 2534 579 2596 tun,
605 2527 733 2584 Domine
755 2527 845 2599 Deus,
866 2527 1058 2585 demonibus
1077 2527 1185 2585 nostris
1203 2538 1284 2581 munus

108 2607 251 2680 oblatum,
274 2616 305 2665 et
324 2628 376 2685 per
397 2608 504 2665 horum
524 2615 693 2665 sanctorum
716 2609 861 2666 orationes
885 2609 922 2665 ab
943 2609 1080 2666 omnibus
1102 2629 1153 2673 nos
1171 2604 1284 2665 mundent

110 2689 244 2764 peccatis.
287 2688 352 2746 Per.

172 2769 354 2828 Oorunumr'o.
397 2770 419 2827 J
422 2775 554 2827 ustorum
569 2770 683 2827 animre.

173 2851 413 2908 Poslcornmonio.

171 2932 283 2989 Divina
317 2933 453 3002 libenteS,
481 2931 618 3002 Domine,
648 2932 788 3007 mysteria
823 2952 888 3007 qnae
916 2952 970 3008 pro
1005 2933 1113 2990 horum
1146 2940 1281 2989 sanctorum

111 3014 299 3070 veneratione
336 3013 499 3069 obtulimus
527 3013 677 3087 majestati
705 3020 774 3083 ture,
804 3020 919 3088 preestn,
942 3033 1119 3088 quaesumuS,
1144 3022 1179 3069 ut
1203 3028 1244 3086 per
1260 3022 1282 3058 (ἢ

110 3100 296 3168 peccatorum
320 3094 437 3151 venimn
466 3113 687 3168 consequamur,
711 3100 741 3151 et
763 3094 887 3151 eoelestis
907 3095 1012 3171 gestire
1035 3095 1120 3152 donis
1142 3092 1281 3151 reficiamur.

114 3175 177 3230 Per.

236 3282 423 3339 Sincrosurr
445 3297 561 3337 ssrrnrr
586 3280 749 3352 Funrnun,
774 3298 954 3339 unsrrnun.
1000 3282 1052 3359 (vi.
1076 3282 1121 3341 Iri
1144 3279 1214 3357 Jul.)

173 3388 312 3461 Ofiirizun.
356 3387 499 3458 Laudato,
515 3387 608 3463 pueri,
624 3387 657 3443 iu
673 3386 829 3446 Conrmuru'.
837 3387 1039 3462 plurimorum
1050 3399 1216 3463 nro-myrum.

175 3469 284 3526 Oratio

174 3550 293 3621 Praesta,
310 3569 486 3625 quaesumus,
503 3548 689 3624 omnipotens
707 3550 797 3619 Deus,
815 3556 849 3605 ut
863 3550 914 3624 qui
928 3550 1071 3625 gloriosos
1092 3554 1226 3624 martyres
1237 3549 1285 3598 uos

110 3633 201 3688 fortes
215 3632 245 3686 in
261 3651 313 3687 sun
327 3631 507 3687 confessione
521 3631 721 3705 cognovimus,
737 3632 800 3706 pios
815 3632 894 3706 apud
906 3640 936 3688 te
948 3633 979 3687 in
993 3639 1096 3688 nostra
1110 3625 1286 3688 intercessione

110 3713 283 3770 sentiamus.
327 3712 392 3768 Por.

172 3795 209 3868 El
210 3793 312 3849 ›istolu
357 3792 459 3848 Sancti
474 3811 526 3866 per
540 3791 597 3847 fido
591 3812 637 3847 nr

174 3816 256 3931 Gir!
217 3896 245 3929 α(
246 3874 309 3931 Iule.
354 3874 429 3929 Eece
443 3893 452 3927 r·
452 3893 491 3947 1²¹¹
492 3893 532 3927 un
547 3873 667 3929 bonum

168 3955 318 4029 Alleluyn.
370 3955 398 4011 1'.
423 3895 565 4014 Liudute,
559 3954 674 4028 pueri,
691 3954 864 4011 Dominum.

171 4036 373 4111 Euonyelium.
418 4035 572 4109 Loquente
592 4034 673 4091 Jesu.

173 4118 367 4190 offertorium.
411 4117 525 4172 Animo
547 4121 654 4172 nostru.

172 4202 293 4256 ιὸθθΐθθα.

171 4280 327 4336 Suerifioiis
355 4277 559 4355 prementibus,
584 4276 722 4347 Domine,
751 4298 926 4354 quresunrus,
957 4278 1079 4335 intende
1113 4277 1243 4356 placatus

107 4360 154 4415 int
143 4361 360 4417 tereedentibus
379 4359 488 4416 sanctis
507 4358 577 4429 tuis,
593 4358 744 4415 devotioni
765 4367 873 4417 nostru
891 4360 1048 4435 proficiunt
1064 4366 1095 4417 et
1117 4358 1210 4418 saluti

113 4441 285 4498 Dominum.

1300 4253 1325 4304 ut
