2804 4920
300 361 485 429 Dominiea
505 385 533 429 v.
554 371 630 450 poet
655 364 792 431 Oetaeas
812 365 1028 451 Epiphanio.
1210 367 1257 430 '35

542 605 644 662 Fssu
664 605 774 663 erra

112 715 163 773 Ad
178 715 326 775 Ennianos
339 715 395 792 (ei
413 717 461 773 25-
463 717 527 795 36)

113 796 252 854 Fratres:
283 796 363 854 Nolo
383 816 435 855 vos
456 799 590 874 ignorare
611 801 784 875 mysterium
807 800 863 859 hoe
886 821 977 877 easque
997 800 1066 859 ad
1057 821 1090 858 ιιι
1108 801 1170 878 ipso
1187 807 1258 859 sunt

51 879 159 935 omnia
204 878 267 955 Ipsi
279 877 394 955 gloria'
385 897 418 935 ιιι
431 879 536 936 saecula
549 879 729 938 saeculorum

113 960 282 1016 Secundum
296 957 434 1017 Marcum
447 957 465 1035 (
464 980 491 1016 x
511 959 558 1017 13·
562 960 598 1017 16
599 961 623 1037 )

113 1039 153 1096 Iu
166 1039 219 1098 illo
233 1045 373 1116 tempore,
388 1041 560 1098 Offerebant
572 1042 595 1100 J
595 1062 646 1100 esu
659 1043 797 1119 parvulos
810 1063 900 1118 aeque
913 1045 954 1101 ad
967 1044 1156 1103 benedicebat
1169 1063 1225 1102 eos.

276 1236 435 1295 nonnus
455 1253 569 1306 onmes
589 1254 661 1296 rosr
682 1238 823 1298 Ocrsvas
843 1240 1034 1298 Errrninrn

114 1366 255 1443 Officium.
298 1368 431 1427 Adorate
444 1367 549 1427 Deum.

115 1450 226 1507 Oratio.

115 1530 273 1587 Familiam
294 1536 386 1602 tuam,
409 1550 584 1607 quaesumus,
608 1532 747 1603 Domine,
770 1532 913 1591 continua
938 1533 1048 1611 pietate
1075 1533 1199 1606 custodi,
1223 1539 1259 1592 nt

55 1630 118 1687 quae
146 1611 180 1668 in
206 1610 269 1669 sola
296 1630 347 1688 spe
373 1612 475 1688 gratiae
505 1612 628 1671 caelestis
662 1612 813 1685 innititur,
842 1620 896 1671 tua
929 1633 1043 1690 semper
1075 1614 1258 1692 protectione

55 1693 215 1749 muniatur.
258 1691 317 1750 Per
331 1692 501 1750 Dominum.

113 1773 164 1829 Ad
178 1771 353 1832 Colossenees
366 1773 427 1848 (iii.
446 1773 559 1851 1217).

116 1853 253 1911 Fratres:
285 1853 407 1911 Induite
425 1874 477 1911 vos
494 1855 570 1911 sicut
589 1854 674 1912 electi
698 1854 757 1913 Dei
780 1875 870 1930 usque
894 1857 935 1915 ad
958 1857 1023 1914 Deo
1047 1863 1078 1915 et
1102 1856 1187 1914 Patri
1207 1875 1259 1934 per

55 1933 159 1992 Jesum
172 1933 326 1992 Christum
340 1934 504 1992 Dominum
518 1943 658 1993 nostrum.

113 2015 282 2073 Secundum
294 2014 469 2072 Matttaeum
483 2016 563 2092 (aiii.
581 2018 629 2072 24-
632 2016 695 2093 30).

115 2097 155 2153 In
179 2095 231 2154 illo
249 2102 388 2172 tempore,
411 2096 501 2154 Dixit
514 2096 603 2154 Jesus
616 2097 767 2174 discipulis
787 2098 848 2155 suis
868 2117 958 2174 usque
975 2100 1016 2157 ad
1035 2105 1208 2177 congregate
1227 2098 1261 2156 in

56 2177 195 2235 horreum
209 2196 315 2234 meum.

115 2258 308 2332 offertorium
351 2257 485 2315 Dextera
499 2257 629 2317 Domini

114 2339 235 2398 S'eereta.

114 2420 240 2478 Hostias
266 2419 331 2492 tibi,
355 2420 493 2491 Domine,
516 2420 690 2497 placationis
717 2421 876 2495 offerimus,
903 2426 940 2479 ut
966 2427 998 2481 et
1025 2422 1133 2481 delicta
1160 2428 1262 2481 nostra

57 2501 211 2559 miseratus
225 2499 367 2571 absolvas,
383 2508 414 2558 et
427 2502 566 2559 nutantia
580 2501 667 2559 eorda
680 2508 716 2559 tu
729 2502 846 2579 dirigas
889 2501 955 2562 Per.

116 2581 299 2641 Oornmemio.
342 2581 539 2640 Mirabantur.
888 2602 892 2610 ’

116 2662 359 2721 postcommunio.

116 2745 300 2816 Quaesumus,
316 2743 503 2819 omnipotens
521 2744 611 2816 Deus,
632 2750 666 2802 ut
686 2743 767 2801 illius
789 2744 926 2802 salutaris
946 2746 1094 2822 capiamus
1115 2745 1260 2818 effectum,

55 2825 139 2901 enjus
152 2844 206 2902 per
218 2824 281 2882 haee
296 2825 436 2901 mysteria
450 2825 556 2902 pignus
570 2825 740 2902 accepimus
792 2825 852 2883 Per
865 2826 1036 2884 Dominum.

421 3022 581 3081 Donrurcs
602 3040 635 3081 nr
658 3023 898 3081 Samnaensma

118 3119 258 3195 Officium

117 3201 384 3259 Circumdederunt
402 3220 449 3258 me
466 3201 593 3277 gemitus
606 3201 711 3258 mortis
722 3221 731 3274 ;
757 3200 871 3258 dolores
884 3200 993 3258 inferni
1006 3201 1263 3262 circumdederunt

60 3300 104 3339 me
117 3304 123 3340 :
150 3289 182 3340 et
195 3283 228 3339 in
241 3281 434 3339 tribulatione
447 3301 512 3340 mea
525 3282 661 3340 invocavi
680 3281 851 3355 Dominum,
868 3288 899 3340 et
919 3282 1072 3341 exaudivit
1093 3283 1130 3340 de
1152 3284 1263 3363 templo

61 3369 158 3421 sanem
171 3381 225 3422 sno
239 3382 340 3420 vocem
355 3382 458 3421 meam.

118 3444 264 3502 Pselmua

117 3525 251 3603 Diligam
264 3530 304 3597 te,
319 3524 456 3595 Domine,
472 3525 615 3583 fortitudo
629 3543 714 3582 mea:
746 3525 894 3583 Dominus
910 3524 1131 3583 firmamentum
1152 3546 1260 3600 meum,

66 3610 93 3662 et
103 3607 249 3685 refugium
263 3625 370 3677 meum,
387 3611 417 3663 et
431 3606 571 3664 liberator
584 3625 673 3664 meus.

119 3687 162 3745 At
175 3687 232 3746 Irae
245 3687 293 3746 die
306 3708 397 3763 usque
410 3688 451 3745 ad
471 3687 606 3762 Vrplliam
619 3686 739 3744 Pascltae
751 3707 811 3745 awa
824 3687 935 3745 dicitur
949 3687 1051 3745 Gloria
1065 3688 1097 3745 in
1112 3689 1239 3747 excelsis

123 3768 229 3827 Oratio.

123 3848 225 3908 Preoes
252 3849 355 3943 populi
380 3849 436 3919 tui,
459 3867 635 3941 quaesumus,
659 3848 796 3921 Domine,
819 3848 978 3907 clementer
999 3850 1124 3908 exaudi:
1155 3857 1190 3908 ut
1212 3850 1265 3928 qni

74 3925 139 3997 juste
151 3950 204 4008 pro
216 3932 345 4008 peccatis
358 3931 466 3987 nostris
480 3930 565 4006 afflig'
540 3949 644 4001 simun,
660 3949 713 4006 pro
727 3930 773 3987 tui
786 3931 915 3988 nominis
930 3931 1024 4008 gloria
1037 3931 1265 3990 misericorditer

79 4006 226 4069 liberemur.
271 4009 330 4069 Per
344 4011 514 4068 Dominum.

126 4091 262 4167 Epistola
303 4091 353 4149 Ad
367 4092 534 4150 Corneliana
547 4090 750 4168 (1.24-27,
765 4112 793 4149 x.
811 4092 884 4170 1-1)

129 4170 261 4232 Fratres:
284 4172 414 4231 Nescitis
428 4172 507 4250 quod
524 4172 578 4249 qui
595 4173 627 4229 in
640 4173 735 4231 stadio
749 4180 874 4231 currunt
889 4193 979 4249 usque
1000 4175 1041 4232 ad
1061 4181 1145 4250 petra
1164 4179 1265 4232 autem

82 4253 283 4313 eratGhristus

133 4333 259 4395 (landola.

131 4416 256 4494 Adjutor
282 4417 317 4475 in
343 4416 624 4495 opportunitatibus,
648 4416 680 4473 in
704 4416 918 4475 tribulatione:
952 4420 1071 4492 sperent
1097 4415 1131 4474 in
1157 4423 1188 4476 te
1215 4418 1269 4494 qni

77 4500 211 4557 ¹¹⁰V0mnt
224 4505 275 4557 te:
298 4499 438 4575 quoniam
452 4518 512 4556 non
526 4498 705 4575 derelinquis
719 4504 884 4575 quaerentes
897 4505 938 4572 te,
955 4497 1093 4558 Domine.
