2806 4920
442 333 537 399 Dom.
559 355 610 399 na.
630 340 706 419 poet
730 333 942 399 Trinitatem,
1004 312 1010 322 ⁵
1226 333 1288 402 197

147 496 315 558 Secundam
328 498 441 558 lucam
454 500 534 572 (ciii
552 501 630 576 1-3).

147 580 187 637 In
210 580 263 638 illo
286 588 427 658 ternpore,
451 582 517 640 Iter
539 583 666 640 faciebat
689 582 778 641 Jesus
802 602 855 659 per
879 583 1016 640 civitatee
1043 602 1134 657 acapna
1154 583 1195 638 od
1222 599 1287 656 que

82 661 296 721 ministrabunt
309 664 336 720 ei
350 664 387 722 de
400 663 593 722 facultatibus
606 665 676 721 suis.

457 845 617 903 Doumrcn
639 845 765 902 Daernn
785 844 917 915 Qnrnnn.

148 924 290 1000 Officium.

144 1006 271 1077 Inclina,
292 1007 429 1077 Domine,
451 1026 552 1066 aurem
572 1015 666 1077 tuam,
687 1014 718 1065 et
740 1007 849 1065 exaudi
870 1027 936 1067 me:
957 1007 1073 1065 salvum
1098 1005 1144 1062 fac
1167 1023 1286 1062 sertum

83 1095 179 1159 tuum,
196 1088 279 1146 Deus
291 1108 383 1158 meus,
398 1096 564 1165 sperantem
578 1090 611 1145 in
625 1095 672 1146 te:
693 1088 830 1146 miserere
844 1089 927 1160 mihi,
943 1087 1080 1156 Domine,
1095 1087 1234 1162 quoniam
1249 1086 1288 1143 ad

81 1178 115 1226 to
128 1168 255 1226 clamavi
268 1178 332 1227 tota
345 1171 401 1230 die.

145 1249 291 1308 Pessimae.

144 1331 284 1403 Lmtifica,
298 1332 429 1390 animam
447 1333 525 1391 servi
542 1333 605 1390 tui:
626 1333 766 1408 quoniam
780 1332 818 1391 ad
831 1339 870 1403 te,
886 1332 1024 1402 Domine,
1038 1331 1167 1388 animam
1189 1347 1286 1387 meam

81 1413 189 1471 levavi.

146 1494 256 1552 Oratim

142 1575 275 1646 Custodi,
288 1576 425 1646 Domine,
437 1596 613 1652 quaesumus,
626 1576 786 1634 Ecclesiam
800 1585 883 1635 tuam
897 1575 1109 1653 propitiatione
1122 1579 1285 1650 perpetua:

78 1662 114 1712 et
127 1657 197 1732 quia
210 1657 273 1714 sine
287 1663 317 1714 te
330 1657 443 1715 labitur
455 1659 586 1715 humana
599 1657 772 1730 mortalitas,
784 1659 844 1716 tuis
857 1676 973 1733 semper
985 1655 1114 1725 auxiliis,
1130 1660 1161 1712 et
1174 1653 1286 1712 abstra-

78 1737 173 1795 hatur
185 1759 204 1795 a
216 1739 325 1809 noxiis,
339 1745 370 1797 et
383 1739 421 1796 ad
434 1739 575 1797 salutaria
589 1739 742 1815 dirigatur.
786 1740 845 1798 Per
858 1738 1030 1798 Dominum.

143 1818 192 1876 Ad
207 1819 329 1878 Galatas
342 1819 385 1895 (o.
403 1821 518 1879 no-a.
538 1821 575 1878 10
576 1821 601 1898 )

143 1900 280 1959 Fratres:
301 1901 334 1958 si
347 1902 454 1978 spiritu
464 1902 602 1971 vivimus,
614 1902 721 1978 spiritu
733 1908 763 1959 et
773 1900 957 1958 ambulemus
971 1921 1061 1975 casque
1074 1900 1115 1957 od
1129 1916 1285 1975 operemur

76 1981 192 2039 bonum
206 1983 245 2040 ad
258 2002 368 2052 omues,
384 1982 513 2041 maxime
526 1991 626 2041 autem
640 1984 677 2041 ad
692 1983 866 2041 domesticos
879 1982 955 2040 fidei.

142 2144 259 2202 Bonm
274 2150 319 2202 est
332 2144 477 2203 confidere
490 2144 521 2203 in
536 2145 684 2203 Domino:
705 2165 793 2222 quam
808 2144 954 2203 confidere
967 2145 999 2202 in
1013 2142 1140 2202 homine.

84 2223 117 2282 V.
143 2225 262 2282 Bonum
276 2235 321 2283 est
334 2245 450 2301 sperare
464 2227 496 2282 in
511 2227 657 2284 Domino:
679 2246 767 2303 quam
782 2246 897 2302 apeme
911 2227 942 2283 in
956 2225 1148 2303 principibus.

140 2306 290 2383 Alleluyu
341 2307 368 2364 V.
393 2307 536 2365 Paratum
550 2328 601 2365 cor
614 2328 722 2380 meum,
738 2309 830 2379 Deus,
848 2315 985 2385 paratum
1008 2327 1058 2364 eor
1079 2325 1196 2362 meum:
1218 2322 1282 2361 can·

73 2386 151 2447 tabo
164 2395 195 2445 et
210 2388 333 2464 psallam
348 2389 405 2445 tibi
415 2389 448 2446 in
461 2388 555 2465 gloria
567 2408 639 2448 mea

141 2467 309 2527 Sententiam
323 2469 496 2527 *Mattianum
509 2469 564 2545 (oi.
582 2470 699 2546 24-33).

141 2549 181 2607 In
201 2550 253 2608 illo
273 2557 413 2628 tempore,
435 2550 525 2608 Dixit
544 2551 634 2609 Jesus
654 2551 804 2628 discipulis
824 2551 904 2622 suis;
925 2551 1023 2608 Nemo
1046 2554 1145 2626 potest
1167 2546 1282 2606 duobus

72 2630 208 2690 dominis
221 2632 331 2689 servire
344 2653 435 2708 usquc
449 2634 489 2690 ad
502 2639 533 2691 et
546 2633 609 2691 hae
622 2633 722 2690 omnia
734 2632 913 2709 adjicientur
926 2632 1017 2690 vobis

143 2711 335 2786 Offcrtorium.

140 2793 322 2870 Exspeotnns
335 2794 504 2871 exspectavi
515 2795 687 2866 Dominum,
699 2802 730 2853 et
740 2795 871 2872 respexit
884 2814 948 2852 me:
970 2799 1000 2851 et
1013 2790 1168 2850 exaudivit
1181 2790 1282 2866 depre-

70 2875 225 2935 cationem
238 2894 343 2946 meam,
357 2883 388 2933 et
401 2876 526 2933 immisit
538 2876 568 2934 in
584 2897 616 2934 os
633 2895 731 2935 meum
751 2876 899 2934 canticum
919 2893 1040 2945 novum,
1055 2872 1201 2948 hymnum
1216 2870 1281 2929 Deo

72 2963 189 3017 nostro.

139 3038 259 3096 Secreta.

136 3118 269 3177 &neoda
288 3118 382 3191 nobis,
399 3139 573 3197 quesumus,
589 3120 726 3191 Domine,
740 3110 785 3178 ut¹
796 3119 858 3177 haec
878 3117 976 3176 hostia
995 3114 1144 3181 salutaris,
1162 3121 1193 3173 et
1213 3133 1278 3171 nos-

68 3209 190 3260 trorum
214 3201 268 3257 fiet
288 3201 426 3278 purgatio
448 3209 644 3279 peecatorum,
667 3209 698 3259 et
721 3209 781 3260 tua
804 3200 976 3278 propitiatio
1000 3196 1171 3275 majestatis.
1218 3194 1279 3253 Per

71 3282 250 3343 Dominum.

139 3361 320 3423 Communia.

137 3445 198 3515 Qui
209 3443 369 3501 manducat
381 3463 498 3502 carnem
508 3465 613 3516 meam,
625 3452 656 3502 et
666 3445 742 3502 bibit
751 3444 925 3521 sanguinem
936 3464 1033 3502 meum
1045 3466 1051 3501 :
1069 3442 1100 3500 in
1110 3461 1158 3499 me
1167 3449 1277 3512 manet,

69 3532 107 3586 et
121 3545 174 3602 ego
187 3524 219 3583 in
233 3545 275 3598 eo,
291 3525 365 3583 dicit
377 3525 532 3584 Dominus.

137 3606 379 3665 Poatcommanio.

136 3687 299 3747 Purifieent
318 3707 433 3765 semper
452 3695 484 3745 et
504 3688 641 3746 muniant
661 3696 714 3746 tua
734 3694 918 3746 sacramenta
937 3707 992 3746 nos
1006 3688 1097 3756 Deus,
1112 3693 1144 3744 et
1161 3684 1199 3743 ad
1216 3703 1279 3760 per-

68 3776 171 3850 petuae
199 3768 308 3828 ducant
335 3769 507 3828 salvationis
537 3771 682 3828 effectum.
735 3770 792 3828 Per
820 3769 984 3826 Dominum
1010 3777 1145 3827 nostrum
1172 3767 1277 3824 Jesum

70 3849 238 3911 Christum.

549 3975 648 4033 Fanm
669 3975 809 4045 Qunam.

136 4073 187 4132 nd
199 4071 377 4133 Colorem
395 4073 435 4147 (i.
454 4074 550 4149 ale).

137 4154 275 4214 Fratres:
295 4153 417 4213 Gratias
430 4154 545 4232 agimus
566 4153 632 4211 Deo
644 4173 734 4229 usque
748 4154 791 4213 od
803 4154 835 4211 in
850 4154 987 4212 omnibus
1000 4153 1063 4230 ipse
1077 4151 1278 4230 principatum

70 4241 187 4308 tenens,
202 4235 225 4295 J
225 4254 292 4294 esua
306 4234 452 4308 Christus,
468 4235 616 4293 Dominus
629 4244 738 4294 noster.

135 4316 304 4391 ὅσαιπάαπι
316 4316 429 4375 Lucam
441 4318 508 4392 (aa.
527 4317 603 4394 1-8.)

134 4398 173 4458 In
186 4397 241 4459 illo
253 4404 394 4475 tempore,
406 4397 532 4456 Factum
546 4405 591 4457 est
604 4397 637 4455 in
650 4417 710 4454 una
724 4397 841 4456 dierum
855 4416 946 4473 usquc
960 4397 1001 4455 od
1014 4396 1119 4474 inqua
1132 4400 1279 4472 potestate

71 4480 139 4541 hec
152 4479 237 4541 acio.
