2804 4920
106 303 170 366 294
566 297 661 364 Foeta
684 293 847 384 ocyma.

166 465 307 524 Memmia
319 466 354 523 de
371 464 551 523 Moctaherie.

168 548 310 605 Fraterno
331 566 394 618 nos,
416 546 553 616 Domine,
576 551 743 622 martyrum
761 552 883 605 tuorum
905 568 1015 606 corona
1037 547 1180 621 laetificet,
1196 568 1255 626 que
1268 556 1290 605 et

105 628 302 767 {galiffa
322 628 453 766 pppbeat
471 627 664 684 incitamenta
685 627 844 698 virtutum,
858 636 890 687 et
914 628 1078 706 multiplici
1098 628 1155 688 noa
1175 629 1290 706 suffragio

168 802 265 860 Lectio
278 801 407 859 Aetnam
419 799 623 876 Apostolocwu
637 799 707 876 (xii.
724 802 842 879 12-17).

170 883 209 940 In
230 883 332 940 diebus
352 882 419 954 illis,
435 882 576 959 Egressus
591 881 697 940 Petrus
717 882 754 940 de
774 903 889 942 carcere
904 885 988 942 venit
1007 884 1047 943 ud
1068 885 1192 943 domum
1210 884 1292 943 mn

112 983 201 1039 nsque
214 965 255 1021 ad
268 963 413 1040 quomodo
427 963 574 1021 Dominus
587 963 739 1020 eduxisset
752 984 822 1021 eum
836 964 873 1022 de
886 984 1012 1026 earcere.

173 1055 307 1114 Gratata
352 1055 521 1113 Constituere
535 1076 592 1113 oos.

171 1136 318 1213 Alleluyn.
375 1136 403 1194 V.
427 1136 523 1208 Solve,
543 1137 668 1212 jubente
693 1138 766 1208 Deo,
796 1144 955 1211 tennnrm,
984 1139 1084 1211 Petro,
1114 1147 1239 1212 catenas,
1256 1138 1293 1214 qui

112 1218 183 1275 facis
196 1225 230 1275 ut
243 1225 366 1296 pateant
379 1217 506 1276 oaelestia
520 1236 611 1294 regna
623 1217 726 1275 beatis.

80 1377 85 1385 ⁴
171 1309 334 1386 Sequentia.

233 1393 323 1450 Nunc
336 1392 401 1449 luce
414 1391 492 1449 alma
505 1391 682 1467 splendescit
696 1411 750 1469 per
763 1393 864 1450 orbem
878 1393 941 1453 haeo
954 1394 1019 1453 dies
1033 1414 1101 1454 ecoe
1113 1394 1251 1472 gloriosa:

234 1473 320 1530 Almi
333 1472 495 1530 recolamus
509 1473 593 1530 Petri
607 1493 677 1530 voce
691 1473 776 1531 celsa.

234 1555 396 1612 Gratanter
409 1553 542 1611 modulos
556 1554 755 1612 accommodet
769 1555 801 1611 in
815 1574 875 1631 qua

234 1636 392 1693 Vincentio
406 1654 534 1692 amorem
549 1635 586 1692 ob
599 1654 760 1711 supernum
774 1637 868 1693 crucis
882 1657 971 1694 sucroe
985 1644 1100 1714 tropaea

235 1716 379 1774 Meritum
393 1716 574 1793 gloriamque
588 1715 740 1792 praelatam
755 1717 786 1773 in
801 1717 911 1775 coelesti
923 1718 1028 1796 gloria,

236 1798 291 1855 Pio
305 1797 391 1854 corde
405 1797 537 1854 fraterna
546 1795 713 1872 jubiletqne
727 1804 835 1856 turma.

235 1876 296 1942 Qui
309 1898 326 1935 a
341 1877 459 1935 Christo
473 1877 584 1954 ligandi
599 1877 789 1955 solvendique
803 1879 880 1937 dona

234 1959 401 2035 Accipiens,
417 1959 545 2036 claviger
559 1958 689 2031 effectus,
704 1967 806 2017 nostra
819 1961 968 2018 resolvens
981 1961 1113 2033 vincula,

237 2040 426 2097 Sublevando
438 2041 555 2097 aethcris
568 2040 685 2098 sedibus
699 2047 846 2117 potestate
859 2061 913 2099 nos
927 2043 1048 2114 tradita,

235 2122 257 2180 J
260 2127 351 2197 unget
365 2121 452 2178 ooetui
466 2127 567 2178 sancto
581 2121 709 2178 culmino
723 2121 756 2178 in
769 2123 831 2198 poli
845 2122 1040 2201 Paradisique
1053 2124 1197 2182 amcenis:

238 2202 301 2260 Ubi
314 2202 418 2259 adorat
431 2202 502 2259 ordo
515 2208 554 2272 te,
570 2200 696 2273 Christe,
709 2203 860 2279 psallendo
874 2203 1046 2263 harmonica
1058 2224 1130 2262 voce
1144 2203 1242 2262 cantion

238 2283 326 2340 Nova
339 2288 506 2340 sauctorum
521 2283 719 2340 resonantium
739 2282 846 2342 *laude
860 2285 1009 2362 angelicus
1022 2283 1155 2356 melica,l

238 2363 458 2439 Consupernnm
473 2365 656 2439 majestatem
670 2370 753 2420 tuam
768 2372 920 2441 poscentes
933 2365 1090 2424 humiliter
1102 2366 1211 2423 almam.

238 2444 294 2502 cui
313 2445 401 2520 digna
422 2464 476 2501 nos
500 2465 568 2503 cum
590 2444 648 2501 illis
672 2464 841 2504 resonemus
865 2466 926 2504 uua
947 2446 1117 2523 rhythmica
1139 2447 1170 2504 in
1192 2439 1276 2503 excelsis

279 2545 417 2597 carmina,

238 2607 412 2683 Caelostiquo
430 2606 462 2663 in
483 2607 576 2682 gloria
594 2607 719 2663 Trinum
738 2614 828 2684 atque
848 2607 952 2665 Unum
967 2609 1083 2684 jugiter
1098 2600 1272 2666 veneremurin

280 2708 358 2745 arva.

239 2770 323 2827 Celsa
337 2775 467 2846 potestus
481 2768 612 2843 angelica

239 2852 340 2909 Ovuns
354 2858 383 2906 to
398 2850 499 2906 laudnt
513 2852 544 2906 in
558 2851 652 2924 gloria
665 2871 671 2920 ;

239 2933 376 2989 Virtutes
391 2931 452 2987 caeli
469 2941 497 2987 to
512 2932 678 3006 glorificant
692 2951 742 3005 por
756 2938 843 2988 astru.

240 3014 300 3082 Qui
314 3013 411 3068 Putris
426 3013 506 3067 sedes
520 3012 556 3068 ad
571 3012 731 3079 dcxtmmn,

241 3094 352 3151 Nostin
367 3093 475 3150 exandi
489 3093 659 3168 augelorum

241 3175 282 3231 Et
296 3175 471 3230 famulorum
482 3174 609 3249 jungens
624 3194 693 3231 voce
707 3174 872 3249 precamina
884 3195 892 3243 5

241 3257 360 3311 Horum
375 3256 495 3311 vocibus
509 3261 544 3310 ut
558 3263 676 3311 caterva

242 3336 393 3393 Glorificet
406 3356 520 3412 semper
533 3342 562 3392 te
577 3342 608 3391 ot
622 3344 720 3392 nostra

241 3418 427 3493 Regnantem
437 3418 504 3491 jure
519 3437 586 3472 cum
600 3418 709 3473 sanetis
723 3417 755 3472 in
769 3423 921 3474 oeternum.

182 3515 382 3588 Enonpelimn.
426 3514 521 3571 Venit
541 3515 563 3571 J
565 3535 630 3570 esus
645 3514 674 3570 iu
690 3519 788 3589 piantes
808 3514 946 3572 Caesareas
963 3514 1104 3592 Philippi,
1119 3523 1150 3570 nt
1167 3512 1269 3582 enpro1²¹

121 3598 205 3654 Festo
221 3596 373 3654 Catlretlrw
387 3595 455 3670 ep’ne.

184 3677 286 3735 Credo.

183 3769 375 3844 Offirlorium,
418 3768 496 3826 Mihi
511 3777 616 3827 autom.

183 3865 302 3922 Secreto.

184 3947 325 4004 Oblatum
340 3946 405 4018 tini,
422 3946 558 4018 Domine,
573 3945 756 4014 sacrificium,
769 3943 968 4001 intercedente
982 3944 1069 4002 bento
1084 3945 1168 4002 Petro
1179 3934 1240 4011 apel

122 4037 182 4099 tuo,
200 4029 330 4084 vivificet
344 4048 397 4083 nos
411 4047 525 4103 sempor
539 4034 569 4085 ct
584 4026 706 4083 muniat.
750 4025 814 4082 Por.
1111 4022 1115 4029 ’

184 4123 252 4178 illio
267 4121 387 4180 Secreta.

184 4206 314 4278 Accepta
328 4203 413 4258 sitin
428 4208 584 4278 conspectu
598 4209 659 4271 tuo,
678 4201 813 4271 Domine,
830 4205 930 4255 nostru
943 4200 1079 4265 ‹levotio;
1100 4207 1129 4258 et
1144 4205 1225 4256 eor'urss
1240 4176 1271 4233 fill

123 4285 206 4341 nobis
220 4285 434 4361 supplicatione
448 4283 592 4353 salutaris,
609 4302 662 4359 pro
677 4301 801 4357 quorum
816 4281 1014 4338 sollemnitate
1028 4282 1163 4339 defertur.
1198 4269 1244 4326 Pes·

1241 3919 1271 3977 olo

427 4449 437 4470 ³
455 4447 587 4492 lii-voce
597 4446 720 4502 angelicus
730 4444 812 4488 mallen
853 4444 904 4488 MS.
917 4460 943 4487 :rs
954 4448 1013 4491 text.
