2804 4920
153 294 215 365 174
504 293 528 358 I
528 314 552 358 o
573 292 629 359 die
650 292 783 361 &nuce
805 291 999 359 Trinitatis.

208 460 304 520 Lutto
317 460 446 520 Actorum
459 460 664 539 Apostolorum
677 459 757 537 (xiii.
774 460 893 538 4452).

191 542 247 681 SIn
260 542 363 601 diebus
376 543 445 613 illie,
455 542 605 601 Convenit
617 544 757 601 universe
769 542 874 600 civitas
883 560 974 618 oeque
986 541 1028 599 oti
1041 539 1238 617 replebantur
1245 540 1353 619 gaudio

146 629 177 681 et
233 623 307 681 iritu
322 623 439 682 Sancto.

205 643 354 781 tilleluyn
403 704 432 762 1⁷.
455 704 588 763 [audete
602 704 775 776 Dominum,
790 722 891 762 omnes
903 708 1027 781 gentes:
1048 708 1080 761 et
1092 701 1263 761 collaudate
1274 722 1348 774 enm,

146 804 248 843 omnes
299 785 369 862 puli

204 804 369 942 Seqpuinin„
412 864 527 925 leudes
540 866 605 924 Deo
619 886 625 923 ε
645 874 680 923 ut
692 886 785 942 cupra
798 866 832 923 in
845 864 935 923 Ferio
949 864 1041 924 tertio

204 958 406 1033 Eoooqeliuoe
448 958 616 1017 Secundum
628 958 741 1017 Lucam
754 958 807 1034 (io.
825 958 940 1034 3843).

205 1040 245 1098 In
266 1040 319 1098 ille
340 1046 480 1118 tempore,
503 1041 631 1118 Surgam
652 1040 741 1098 Jeeus
763 1040 800 1098 de
824 1058 979 1116 synagoga,
1002 1040 1139 1099 introivit
1165 1041 1200 1099 in
1227 1039 1343 1097 domum

144 1121 272 1180 Simonis
301 1141 392 1198 oeque
418 1123 459 1179 od
485 1121 556 1198 quie
584 1128 615 1179 et
640 1120 707 1178 eliis
733 1119 904 1179 civitatibus
930 1128 1048 1198 oportet
1073 1141 1121 1181 me
1148 1121 1343 1199 evengelinre

143 1202 345 1342 νεςηόιιιιᾶῦοἰ,

228 1305 259 1342 re
281 1304 306 1344 0.

204 1364 396 1439 offertorium

201 1446 314 1504 Emitte
333 1445 479 1524 Spiritum
497 1450 594 1515 tuum,
608 1448 639 1500 et
659 1442 855 1501 creabuntur:
883 1450 912 1501 et
935 1445 1090 1504 renovabis
1110 1445 1215 1504 sociem
1235 1452 1336 1504 tenue:

140 1527 179 1585 eit
192 1527 288 1606 glorie
301 1526 424 1584 Domini
437 1525 469 1583 iu
483 1524 597 1597 meula,
612 1523 746 1601 alleluya,

200 1620 343 1680 Secreto!

201 1702 249 1762 Ut
271 1708 391 1779 eccepto
412 1702 470 1760 tibi
493 1703 563 1774 sint,
585 1701 722 1774 Domine,
743 1708 847 1760 nostre
870 1703 994 1779 jejunio,
1016 1711 1124 1780 proeste
1147 1704 1244 1777 nobie,
1260 1723 1334 1781 ‘qne-

138 1802 248 1854 eumus‚
263 1782 353 1859 hujus
366 1802 487 1841 munere
501 1784 677 1842 sacrementi
690 1784 878 1860 purificatum
892 1785 949 1842 tibi
961 1791 1065 1862 peetus
1078 1786 1191 1844 offerre
1236 1785 1297 1843 Per.

198 1876 528 2034 iiimliemquem
548 1957 711 2034 orphanos:
740 1957 856 2015 veniam
876 1957 914 2016 ad
934 1977 987 2017 voe
1008 1958 1127 2033 iterum,
1150 1958 1286 2037 alleluya,
1306 1964 1333 2015 et

137 2039 277 2116 gaudebit
291 2058 341 2097 eor
354 2044 494 2111 vestrum,
509 2038 646 2115 alleluya,
661 2038 796 2114 alleluya„

196 2133 437 2190 Poctcommnnio.

197 2212 354 2270 Praebeent
367 2214 460 2284 nobis,
472 2231 649 2288 quaeeumue,
662 2212 796 2269 divinum
810 2217 864 2269 tue
877 2219 977 2270 sancta
991 2213 1135 2273 fervorem
1142 2235 1152 2288 3
1165 2234 1225 2292 quo
1238 2233 1330 2274 eorum

135 2293 254 2369 puriter,
269 2300 300 2350 et
312 2300 381 2351 ectu
394 2294 580 2364 delectemur,
595 2299 627 2352 et
638 2293 745 2351 fructu
789 2293 848 2350 Per
861 2293 1032 2352 Dominum.

503 2497 543 2554 Iu
563 2514 617 2555 orn
638 2497 765 2556 Suucrn
784 2498 971 2559 Tumrmrrs.

197 2594 337 2670 Officium.

193 2678 354 2735 Benedicta
368 2677 408 2733 sit
425 2676 534 2733 Sancta
551 2676 681 2734 Trinitas
702 2684 790 2753 utque
812 2679 941 2737 indiviso
962 2680 1094 2739 Unitns:
1129 2683 1326 2742 confitebimur

132 2759 177 2815 ei:
199 2759 269 2834 quie
282 2759 352 2815 fecit
366 2758 518 2815 nobiscum
532 2759 761 2816 unsexicordiam
775 2779 865 2819 suum
903 2770 907 2776 '

193 2840 337 2898 I'coloncs.

192 2921 404 2978 Benedicurnus
418 2919 538 2976 Patrem
552 2927 583 2976 ct
597 2920 725 2977 Filium:
747 2940 813 2978 cum
829 2920 936 2979 Sancto
951 2922 1072 2999 Spiritu.

192 3002 296 3076 Kyrie.
333 3001 485 3073 Conditor,
502 3000 605 3075 Kyrie.

193 3094 302 3152 Oratio.

192 3175 386 3250 Omnipotens
420 3174 596 3250 sempiterne
624 3174 715 3244 Beue,
744 3175 796 3250 qui
823 3175 931 3232 dedisti
957 3175 1077 3234 famulis
1111 3180 1172 3236 tuis
1199 3180 1232 3237 in
1264 3200 1348 3239 een--

129 3254 253 3311 tensione
267 3275 343 3312 verm
358 3256 426 3311 fidei
440 3262 557 3312 oeteruae
570 3254 727 3311 Trinitatis
744 3256 868 3330 glorium
888 3276 1063 3332 agnoscere:
1093 3267 1124 3316 et
1144 3260 1176 3317 in
1196 3262 1344 3337 potentie-

131 3336 291 3409 mejestatis
307 3336 427 3393 adorere
442 3336 618 3406 Unitutem3
639 3355 815 3410 qurcsumus,
834 3343 870 3393 ut
890 3338 1020 3412 ejusdem
1041 3339 1110 3397 fidei
1131 3342 1271 3401 fimritete
1288 3343 1355 3399 ab·

128 3417 265 3472 omnibus
279 3435 392 3491 semper
405 3417 574 3473 muniamur
587 3417 724 3475 adversis.
768 3417 807 3473 In
821 3437 880 3492 qua
893 3418 971 3476 rivis
985 3425 1016 3476 et
1029 3440 1141 3496 regnas,

188 3507 283 3566 Lectio
298 3508 366 3566 libri
380 3508 568 3585 Apocalypcic
582 3510 656 3567 beuti
669 3508 818 3568 Jolronniu
831 3508 963 3586 Apostoli
976 3512 1031 3587 (iu.
1050 3515 1143 3589 1-10).

188 3589 227 3646 In
250 3590 352 3647 diebus
376 3590 444 3659 illis,
470 3591 544 3647 Vidi
567 3591 676 3647 ost-ium
700 3598 835 3666 alienum
852 3592 885 3648 in
902 3594 981 3663 coelo,
1000 3601 1031 3651 et
1048 3614 1108 3652 vox
1126 3597 1222 3672 prima
1237 3617 1380 3675 quenz

126 3670 238 3739 audivi,
260 3676 401 3746 tunquam
426 3672 505 3728 tubae
529 3672 676 3747 loquentis
699 3691 823 3743 mecum,
845 3674 944 3730 diceus
964 3694 1055 3750 oeque
1075 3678 1116 3734 od
1135 3679 1393 3754 procidebant?

126 3751 234 3826 viginti
245 3758 386 3826 quattuor
400 3753 527 3809 seniores
540 3760 609 3810 ante
623 3753 772 3810 sedentem
786 3754 819 3810 in
832 3754 948 3824 timone,
958 3763 988 3813 et
1001 3757 1164 3816 adorabant
1174 3760 1390 3818 niventon·—

125 3833 158 3889 iu
172 3833 277 3890 saeculu
293 3833 472 3891 soeculorum.

188 3925 321 3984 Creonte.

185 4007 363 4065 Benedictus
377 4028 416 4075 ce,
432 4008 568 4077 Domine,
584 4008 636 4083 qui
649 4009 774 4065 intueris
787 4009 915 4084 ebynsm,
926 4017 957 4067 et
970 4010 1052 4069 sedes
1066 4032 1153 4090 super
1163 4013 1377 4073 Cherubin»

130 4089 157 4146 V.
184 4089 354 4146 Benedicite
368 4089 467 4145 Deum
480 4089 560 4145 caeli:
582 4089 652 4163 quia
665 4089 734 4145 fecit
748 4090 899 4147 nobiscum
913 4092 1142 4151 miscricordiam
1155 4114 1245 4153 suem

187 4171 331 4246 Alleluyu.
383 4170 409 4228 V.
433 4170 611 4227 Benedictus
631 4189 669 4240 ce,
692 4170 820 4228 Domine
833 4171 916 4228 Deus
930 4171 1055 4231 Petrum
1075 4182 1262 4234 nostrorum:
1286 4172 1377 4232 e·t

123 4250 280 4308 laudabilis
293 4251 325 4307 in
340 4250 452 4308 saecula.

182 4380 194 4404 ⁴
211 4377 353 4422 tls-Huc
367 4376 461 4422 oblatio.
474 4376 581 4431 Itoruiue,
592 4390 735 4433 qunrsumus.
749 4377 827 4424 cordis
843 4380 919 4426 noetri
935 4381 1042 4429 merulus
1057 4385 1177 4441 emundet,
1192 4389 1220 4432 nt
1234 4370 1360 4431 Seurbi

124 4436 231 4493 Spiritus
241 4437 313 4493 iligna
324 4437 440 4481 coiciatur
452 4435 575 4481 habitatio.
608 4437 654 4479 l'or
667 4436 801 4482 Durniuum.
834 4439 863 4484 Iu
874 4440 965 4486 uuitutc
975 4442 1089 4500 cjue‘lem.
