2806 4920
458 336 554 402 Saea
575 335 631 401 die
651 357 675 401 o
694 334 891 402 Nativitotc.

436 503 572 562 Christus
585 502 678 580 spinis
691 510 867 576 coronatur;

436 583 519 643 Huic
533 604 640 642 corona
652 584 722 642 vitae
736 584 826 642 datur

475 664 557 724 Caesa
569 665 748 723 transitoria.

436 745 531 804 Causa
544 765 646 823 poenae,
660 745 741 804 locus
754 765 847 823 poenae

433 825 466 884 si
479 834 647 903 pensentur,
663 827 743 884 locus
756 827 841 903 plena

473 906 599 965 Plenum
613 914 658 965 est
672 907 856 984 martyrium.

433 988 529 1046 Ornat
542 989 638 1046 virtus
652 988 794 1046 Sanctum
808 989 884 1061 Dei3

432 1068 607 1127 Sanctitatis
619 1069 722 1126 ierunt
735 1070 763 1126 ei

471 1149 561 1227 Signa
574 1149 785 1208 testimonium.

430 1230 507 1288 Oaeei
520 1232 633 1302 vident,
648 1231 725 1287 muti
739 1231 849 1302 fantur,

429 1311 526 1388 Lepta
538 1312 624 1388 fugit,
640 1317 671 1369 et
684 1317 827 1369 curantur

470 1392 585 1451 Cuncta
597 1391 694 1449 morbi
709 1412 824 1468 genera.

429 1473 487 1531 Sed
500 1480 531 1531 et
544 1473 637 1550 magis
653 1473 823 1545 honoratur,

429 1553 496 1624 Quo
508 1554 654 1613 defunctis
666 1553 731 1611 vita
744 1553 833 1611 datur

468 1636 575 1693 Multis
588 1654 643 1711 ope
656 1654 769 1711 supere.

428 1717 515 1788 Sana,
529 1722 653 1792 martyr,
666 1723 767 1773 sancta
780 1734 864 1791 prece

426 1798 458 1855 N
459 1817 491 1855 os
504 1817 522 1855 a
534 1797 647 1868 morbo,
661 1816 714 1854 nos
727 1816 744 1853 a
759 1815 836 1867 nece,

464 1879 587 1935 Donans
599 1878 670 1935 vitae
683 1877 822 1954 praemia:

426 1959 481 2031 Ut,
495 1965 527 2016 te
540 1959 622 2031 duce,
638 1977 850 2034 consequamur

425 2040 508 2097 Vitae
521 2040 642 2111 donum,
656 2044 687 2096 et
699 2039 843 2096 ducamur

464 2121 516 2179 Ad
530 2127 640 2178 aeterna
652 2119 767 2196 gaudia.

116 2226 287 2285 Secundum
301 2225 473 2288 Iulianae-m.
517 2227 557 2284 In
577 2226 629 2284 illo
649 2232 789 2303 tempore,
806 2225 896 2284 Dixit
908 2227 997 2285 Jesus
1011 2227 1162 2306 discipulis
1182 2230 1262 2301 suis,

58 2306 120 2383 Ego
133 2327 200 2365 sum
215 2314 316 2384 pastor
329 2308 441 2366 bonus:
462 2308 588 2383 Requirc
601 2307 760 2366 Dominioo
773 2309 900 2366 ecateida
908 2317 976 2385 post
989 2309 1112 2368 Possim.

119 2387 314 2463 Offertosium.
358 2388 489 2447 Posuisti
503 2389 639 2459 Domine,
653 2389 687 2446 in
702 2387 859 2448 Communi
871 2389 963 2447 unius
975 2391 1122 2466 proripi-ia.

116 2468 238 2529 Secreto.
289 2468 418 2528 Munera
445 2470 509 2542 tibi,
538 2470 675 2541 Domine,
700 2469 799 2527 dicata
825 2470 981 2540 sanctifica,
1005 2476 1036 2530 et
1063 2472 1263 2530 intercedente

55 2549 141 2606 beato
156 2549 271 2608 Thema
284 2557 415 2627 martyre
428 2546 481 2608 t'uo
491 2555 581 2627 atque
591 2551 738 2627 pontifice,
751 2570 803 2627 per
813 2550 913 2609 eadem
925 2571 978 2609 nos
988 2551 1120 2629 placatus
1131 2553 1259 2611 intende.

57 2629 114 2686 Per
128 2630 302 2689 Dominum.

116 2710 299 2770 Genumana).
343 2712 406 2787 Ego
428 2732 494 2770 sum
515 2717 615 2790 pastor
636 2712 749 2769 bonus:
778 2711 937 2789 Alleluya:
966 2714 1008 2770 Et
1030 2732 1170 2792 cognosco
1192 2733 1261 2772 oves

54 2810 142 2861 meas,
156 2799 188 2850 et
202 2800 381 2870 cognoscunt
395 2813 442 2851 me
455 2813 535 2851 meae.
577 2792 727 2869 Alleluya.

114 2873 357 2932 Postoommuaio.
400 2875 536 2951 Adjuvet
558 2893 619 2946 nos,
643 2873 829 2949 omnipotens
850 2879 880 2931 et
901 2873 1065 2932 misericors
1091 2875 1183 2947 Deus,
1207 2894 1261 2951 per

52 2953 115 3011 hzec
132 2961 237 3013 sancta
251 2974 316 3033 quae
330 2956 517 3033 sumpsimus,
528 2954 609 3012 beati
621 2953 761 3030 martyris
770 2954 817 3010 tui
830 2960 919 3032 atque
933 2955 1081 3032 pontificis
1091 2956 1260 3014 intercessio

52 3035 232 3107 veneranda,
243 3037 294 3112 qui
309 3055 362 3112 pro
375 3036 423 3093 tui
435 3036 564 3094 nominis
576 3035 687 3093 honore
700 3033 826 3112 glorioso
840 3035 949 3093 meruit
959 3037 1093 3094 coronari
1106 3037 1257 3114 martyrio.

52 3115 113 3172 Per
126 3116 299 3174 Dominum

358 3248 461 3307 Sarra
481 3248 544 3306 Dm
564 3264 585 3306 a
606 3248 801 3307 Narrvmnra
822 3248 949 3307 Donuu.

115 3378 256 3453 Officium.
299 3378 368 3436 Lux
388 3378 522 3455 fulgebit.

111 3460 222 3518 Oratio.
267 3459 408 3532 Concede,
424 3479 600 3536 quaesumus,
615 3460 802 3538 omnipotens
816 3460 953 3518 Domine.

111 3539 253 3616 Epistola
296 3540 448 3617 Apparuit
467 3541 641 3617 benignitas.

111 3620 247 3680 Gruduie.
290 3620 401 3679 Beatus
415 3621 475 3698 qui.
519 3621 668 3698 Alleluya.
716 3623 746 3680 V.
775 3622 923 3680 Dominus
936 3623 1080 3698 regnavit.

109 3702 274 3778 Sequentia.
318 3702 439 3760 caeleste
459 3721 610 3778 organum.

109 3783 310 3858 Evonqciiam.
354 3781 490 3840 Pastores
510 3782 714 3859 loquebantur,

110 3863 303 3937 offertorium.
347 3863 430 3921 Deus
443 3864 530 3921 enim.

108 3944 292 4002 Cenomanio.
336 3944 450 4002 Exulta
469 3945 548 4004 satis.

108 4025 223 4084 Secreta
235 4035 262 4084 ct
276 4025 510 4083 Poatcmnmunio
523 4026 598 4083 sicut
612 4026 755 4084 (dictitetur
768 4026 802 4083 iu
815 4026 911 4085 aredio
925 4026 1028 4098 tiliaco,
1044 4027 1078 4084 in
1091 4047 1182 4085 ertone.

104 4304 141 4364 Si
153 4304 213 4364 Isaec
225 4313 305 4364 sexto
318 4305 380 4363 drea
392 4304 427 4362 in
440 4304 598 4362 Dominico
611 4306 739 4364 evenerit.

107 4386 248 4461 Officiuen.

106 4467 189 4525 Dum
202 4467 336 4526 medium
349 4465 503 4525 silentium
516 4473 652 4525 tenerent
666 4466 775 4539 omnia,
790 4473 820 4525 et
834 4486 894 4524 nox
908 4468 939 4524 in
953 4485 1007 4525 suo
1020 4485 1104 4524 cursu
1121 4465 1251 4524 medium
