2804 4920
578 285 675 352 Festo
698 282 850 354 Octobris

466 454 504 512 In
519 453 575 512 lide
594 452 783 512 confessionis

505 534 642 592 Primum
656 533 799 593 Tlmmum
812 531 966 611 nequitum

467 615 506 673 Et
520 616 552 673 in
564 615 626 674 zelo
641 615 782 693 passionis

506 696 674 755 Secundum
686 695 885 773 amplectitur.

466 777 637 836 AEmnlntor
650 786 759 835 senctae
774 777 853 848 vite,

465 858 504 915 In
518 858 637 917 Christo
651 858 777 917 fecunda
790 857 854 916 vito

505 939 640 998 Insertus
653 939 832 997 fructificat:

464 1020 632 1097 Exquirens
646 1021 678 1078 in
698 1020 785 1078 corde
798 1025 863 1079 toto

465 1101 541 1159 Cum
555 1101 728 1160 ferventiori
741 1107 812 1160 voto

505 1181 645 1241 Subditos
658 1183 803 1259 purificet.

465 1262 592 1340 Virgnla
600 1263 728 1340 justitiae

505 1343 619 1402 Cecidit
632 1344 750 1421 iniquos
764 1363 773 1416 ;

466 1424 595 1482 liundos
608 1445 685 1502 equs
697 1426 801 1500 gmtioe

504 1505 595 1564 Fovit
609 1513 639 1563 et
652 1506 781 1583 pudicos

462 1587 483 1643 J
488 1606 543 1662 ugo
557 1587 761 1664 tempcisntiae

504 1667 627 1725 Pressus
640 1675 685 1726 est
701 1686 801 1726 umore

464 1748 509 1806 Ut
522 1748 556 1806 in
568 1749 677 1807 throno
690 1748 791 1825 gloriae

502 1829 621 1888 Rutilet
634 1829 795 1906 splendore

462 1910 488 1967 Ο
502 1911 634 1968 miranda
648 1911 795 1982 sanctitas,

463 1991 521 2048 Per
534 2011 624 2068 quum
639 1992 751 2049 Christi
768 1990 862 2068 pietas

503 2072 551 2130 Sic
565 2072 676 2129 mundo
689 2073 819 2150 profecit

463 2153 543 2210 Nam
557 2159 659 2211 mutus
672 2161 703 2212 et
716 2154 839 2225 caecitns,

464 2234 569 2305 Gutta,
589 2234 719 2305 claudus,
734 2235 862 2292 surditas

506 2315 546 2372 Et
559 2315 666 2391 gibbus
680 2315 795 2373 defecit.

464 2396 523 2452 Por
536 2395 679 2454 Thomem
693 2396 813 2454 morbus
824 2401 954 2470 curatur,

462 2477 503 2533 Et
517 2497 535 2534 a
548 2497 636 2535 cerne
649 2496 728 2535 mors
742 2479 870 2553 lugetur,

503 2557 602 2615 Detur
616 2558 685 2614 vitre
699 2559 826 2634 spiritus

464 2639 654 2714 E1·go‚potcr,
671 2647 700 2696 tc
717 2659 877 2714 precemur,

466 2719 508 2776 Ut
524 2719 642 2776 laxetur
656 2740 713 2795 quo
727 2740 894 2794 gravamur,

502 2801 597 2856 Douis
612 2801 688 2856 datis
702 2801 822 2860 coelitus.
866 2801 974 2859 Amen

171 2934 372 3009 Entmjclium.
415 2933 582 2990 Secundum
596 2933 708 2990 Lucam
722 2933 777 3009 (aei.
796 2933 910 3009 3336)

171 3017 209 3072 In
231 3016 282 3072 illo
300 3024 441 3090 tempore,
457 3013 545 3070 Dixit
566 3013 588 3071 J
591 3033 656 3070 esus
676 3013 827 3090 discipulis
847 3015 926 3087 suis;
951 3014 1049 3072 Nemo
1069 3012 1191 3072 accendit
1206 3010 1265 3072 titel?

108 3099 151 3155 ad
166 3097 348 3154 illuminabit
362 3103 400 3154 te.

172 3194 195 3251 O
218 3194 365 3252 ertorinm.

172 3197 293 3332 vlititas
321 3293 386 3330 mea
413 3280 443 3329 et
471 3273 671 3330 misericordia
695 3293 760 3330 men
788 3293 854 3330 cum
881 3274 947 3349 ipso
959 3293 968 3345 ;
1002 3274 1086 3332 etin
1106 3265 1269 3331 nomine1neo

111 3356 292 3415 exaltabitur
305 3375 396 3411 comu
410 3355 481 3429 ojus,

168 3453 288 3510 Secreta.

170 3534 298 3590 Gloriosi
324 3532 472 3608 pontificis
499 3532 545 3588 tui
573 3533 702 3604 Tliomae,
731 3552 907 3608 quoesumuS,
936 3533 1066 3590 Domine
1095 3534 1172 3590 Deus
1192 3525 1271 3585 noster,

107 3615 247 3693 praeclara
260 3616 366 3671 melita
387 3614 571 3670 sanctificent
585 3614 672 3670 cordo
685 3620 795 3688 nostru,
807 3614 1018 3691 praesentisque
1037 3614 1169 3672 sacrificii
1183 3606 1273 3668 munem

106 3704 191 3774 grute
205 3696 293 3752 faciat
306 3702 337 3752 ct
351 3703 476 3771 acceptu.
521 3695 587 3751 Por.

170 3793 352 3851 Cominiume.

169 3875 279 3931 Beatus
300 3892 410 3942 scmus,
433 3892 529 3947 quem,
553 3892 619 3929 cum
641 3873 765 3944 venerit,
789 3873 936 3930 Dominus
956 3872 1108 3932 invenerit
1128 3868 1270 3951 vigilantem

107 3958 215 4025 Amen,
231 3955 295 4011 dico
310 3954 394 4010 vobis
409 3974 497 4030 super
510 3953 610 4010 omnio
623 3974 676 4011 sua
690 3955 851 4011 constituet
865 3974 940 4012 cum.

167 4052 408 4111 Postcommunic
1265 4106 1269 4118 ,

168 4135 301 4210 Sumpta,
324 4133 460 4203 Domine,
482 4140 665 4190 sacramenta
692 4133 820 4191 coelestia
846 4132 961 4190 meritis
988 4133 1069 4190 beati
1098 4123 1270 4204 antistitio}

105 4215 226 4272 Thomae
247 4214 403 4291 purificent
424 4218 537 4269 mentes
558 4221 680 4285 nostrus,
694 4221 729 4271 ut
749 4214 826 4270 sicut
847 4215 909 4290 ipse
930 4214 1073 4289 singulari
1091 4213 1271 4273 floruitsod'

106 4305 178 4367 tate,
194 4297 235 4354 sic
249 4315 302 4353 nos
316 4295 420 4352 florere
434 4293 581 4349 intutum
595 4295 732 4371 operibus
747 4302 799 4353 tue
813 4294 902 4352 socios
916 4296 1034 4371 pictate.
1079 4295 1145 4355 Per.
