2804 4920
576 294 671 358 Festo
685 293 784 358 Mati.

426 538 541 597 Laudes
555 539 619 597 Deo
632 540 828 614 decantemus,

426 621 466 677 ut
479 621 511 677 in
526 620 646 679 Christo
658 621 840 679 exsultemus

466 701 526 770 Qui
539 709 655 759 sanctos
667 701 820 777 glorificat.

425 782 518 858 Cujus
531 789 609 839 nutu
624 782 813 841 Ethelbertus

423 864 445 921 J
446 883 494 920 sm
508 864 541 919 in
554 862 624 921 ezelo
634 873 738 940 regnat
751 870 857 937 certus,

464 944 505 1001 Et
519 944 617 1001 Deum
631 944 807 1021 magnificat

425 1035 541 1112 Sceptri
553 1035 659 1094 florens
673 1036 835 1112 majestate,

425 1117 513 1174 Sacra
525 1136 638 1174 morum
654 1116 814 1189 honestate,

464 1197 644 1268 Ethelberte,
661 1198 800 1270 micuisti,

466 1279 547 1336 Dum
561 1279 608 1336 hic
622 1297 745 1355 regnum
758 1278 891 1336 tenuisti.

425 1358 523 1436 Regni
536 1358 652 1416 culmen
667 1352 802 1435 quam'vis
816 1365 928 1423 nactus,

425 1439 520 1497 Nulla
532 1441 628 1497 carnis
641 1439 706 1497 labe
720 1447 834 1497 tractus

466 1521 576 1578 Oaelebs
590 1540 706 1596 semper
719 1521 871 1593 exstitisti,

466 1602 544 1670 Quia
557 1600 655 1659 Deum
668 1601 809 1659 dilexisti.

426 1694 527 1752 Instar
539 1693 609 1751 solis
622 1693 760 1765 illuxisti,

427 1775 465 1831 In
479 1774 533 1832 hac
546 1775 610 1832 vita
623 1775 694 1831 dum
707 1774 792 1831 fuisti

466 1855 591 1913 Finibus
605 1855 776 1912 Britanniae.

426 1935 542 1994 Ornans
555 1935 671 2012 Anglos
683 1936 804 1994 orientis

427 2017 513 2089 ortu,
527 2037 598 2075 nece
612 2017 771 2075 occidentis

467 2098 508 2156 Et
521 2099 670 2175 signorum
684 2098 821 2156 eulmine.

427 2191 518 2268 Sigus
531 2210 637 2267 magna
650 2191 737 2267 plena
750 2191 825 2248 miro

429 2273 468 2329 Et
482 2272 626 2348 condigna
639 2280 724 2328 tanto
738 2272 803 2329 viro

467 2352 560 2410 Fiunt
574 2363 626 2410 tuo
640 2353 761 2424 funere;

429 2433 502 2502 Quae
514 2434 626 2509 injuste
639 2443 670 2491 te
682 2439 820 2491 necatum

428 2514 469 2571 ut
482 2514 602 2590 indigns
616 2515 798 2571 tumulatum

468 2594 640 2652 Monstrant
653 2595 711 2654 Dei
725 2613 853 2652 munere.

429 2688 509 2744 Dum
523 2688 555 2745 in
569 2707 653 2746 eruce
669 2687 865 2763 triumphavit

427 2770 544 2826 Auctor
556 2769 635 2841 vitae,
651 2769 693 2827 sol
707 2768 827 2844 negavit

469 2849 585 2907 Mundo
598 2850 698 2908 lumen
712 2850 838 2907 reddere.

429 2930 486 2988 Sed
500 2932 531 2988 in
544 2937 597 2988 tus
610 2933 742 3007 passione

430 3011 510 3069 Mira
522 3012 577 3068 sub
590 3012 757 3069 conditione

470 3092 541 3149 Nox
555 3093 669 3150 refulsit
677 3094 790 3169 jubare.

429 3181 472 3242 Et
484 3191 635 3262 stuporem
648 3206 787 3259 magnum
804 3192 946 3263 praestant

430 3265 519 3342 Signa
532 3285 654 3340 magns3
674 3267 769 3324 adhuc
781 3273 894 3325 restant

470 3347 543 3416 Quae
557 3367 610 3422 per
623 3348 724 3404 mundi
739 3348 918 3406 conditorem

470 3427 575 3485 Nostri
589 3427 666 3485 fiunt
679 3429 714 3485 ad
730 3428 876 3486 honorem.

432 3508 502 3565 Post
515 3518 641 3566 mortem
654 3509 817 3584 apparuisti

432 3588 496 3646 Uni
509 3590 582 3661 viro,
598 3597 629 3646 et
638 3591 753 3666 jussisti

470 3670 518 3728 Ut
530 3670 699 3727 indecenter
714 3672 866 3728 humatum

471 3749 583 3827 Corpus
596 3759 681 3808 tuum
695 3752 735 3808 sit
749 3751 906 3810 sublatum.

431 3844 517 3913 Quod
530 3864 597 3901 cum
610 3845 669 3901 suit
682 3865 752 3902 mox
765 3845 928 3922 impletum,

431 3926 527 4001 Caput
541 3926 657 3982 vultum
672 3932 819 3983 monstrat
831 3926 940 3997 laetum,

470 4007 516 4063 Ac
529 4007 555 4065 si
569 4007 675 4063 durum
690 4007 732 4063 nil
748 4027 924 4083 perpessum,

470 4086 528 4144 Sed
541 4107 560 4143 a
572 4106 674 4145 somno
687 4096 789 4157 surgat
801 4089 916 4146 fessum.

431 4167 543 4243 Corpus
556 4188 670 4226 sacrum
684 4189 751 4226 eum
765 4188 867 4227 cruore

431 4248 520 4305 Dulci
532 4250 657 4326 respirat
671 4250 768 4320 odore,

471 4330 543 4398 Quae
557 4331 657 4387 currui
671 4331 863 4407 imponuntur

470 4410 511 4468 Et
524 4431 542 4468 a
555 4411 618 4471 loco
631 4411 823 4471 deducuntur.
