2806 4920
104 323 167 385 228
555 319 652 390 festa
671 320 855 389 Jaeeaett.

166 485 345 547 Gommumio.
387 486 500 546 Beatus
512 506 622 546 servus.

165 568 407 628 Postcommmes'o.

164 649 286 722 Psuesta
308 669 485 725 quaesumus,
509 648 697 725 omnipotens
716 648 810 720 Deus,
831 655 868 707 ut
888 648 926 708 de
948 649 1106 728 preceptis
1132 651 1293 711 muneribus

101 731 213 806 gratias
236 731 410 788 exhibentes
435 727 649 811 [intercedente
671 730 760 788 beato
782 729 926 790 Silvestre
952 731 1116 790 confemore
1139 730 1292 812 tuo-M]

103 811 245 869 beneficis
258 812 375 888 potiora
387 830 544 869 sumemus.
588 810 648 869 Per
661 811 833 869 Dominum.

203 992 388 1054 Seuerum
409 993 542 1052 Hmasrr
563 1009 601 1052 nr
620 994 762 1066 Rumon,
784 1010 1000 1053 nr1scorosou.
1043 994 1104 1073 (Iu
1118 994 1206 1076 Jeu)

163 1107 322 1266 limosis
340 1188 539 1247 venerabilem
553 1189 707 1246 beatorum
727 1188 928 1248 confessorum
949 1197 1071 1249 tuorum
1092 1198 1186 1270 atque
1209 1194 1294 1286 ponti·

102 1269 190 1328 ficum
217 1270 331 1328 Hilarii
363 1278 395 1328 et
421 1269 553 1346 Remigii
578 1269 773 1327 festivitatem
806 1271 914 1347 populo
943 1272 1086 1330 dedicasti
1094 1293 1104 1345 ;
1132 1275 1295 1352 suppliciter

101 1350 299 1428 deprecamur,
314 1356 350 1409 ut
366 1350 446 1427 quod
462 1350 496 1408 in
513 1368 615 1408 eorum
633 1350 744 1408 honore
761 1351 953 1428 deposcimus,
968 1353 1101 1430 ipsorum
1118 1355 1294 1434 suffiuganti·

101 1432 158 1490 bus
171 1431 285 1536 meritis
298 1431 527 1490 misericorditer
543 1430 682 1508 consequi
694 1450 867 1491 mereamur.
911 1433 977 1491 Per.

162 1512 284 1651 iffi
299 1592 392 1665 nobis,
407 1592 594 1669 omnipotens
607 1593 699 1665 Deus,
712 1601 749 1651 ut
762 1601 868 1652 nostrae
888 1594 1068 1654 humilitatis
1081 1547 1195 1656 oblatio
1208 1604 1237 1656 et
1248 1616 1293 1674 pro

101 1680 221 1766 tuorum
235 1673 292 1731 tibi
305 1680 390 1750 grata
402 1674 444 1732 sit
465 1672 576 1731 honore
598 1679 775 1747 sanctorum,
791 1681 822 1733 et
835 1695 889 1732 nos
902 1695 1022 1754 corpore
1035 1677 1149 1753 pariter
1161 1685 1195 1737 et
1206 1684 1293 1736 mente

101 1754 427 1894 puniiiiienineieer

163 1916 305 1994 Sumptis,
331 1916 469 1986 Domine,
494 1916 683 1973 sacramentis
716 1936 893 1993 quaesumus,
921 1917 1176 1978 intercedentibus
1208 1920 1289 1978 bees

102 1997 221 2055 Hilario
234 2005 265 2056 et
278 1997 416 2075 Remigio
425 1995 638 2054 confessoribus
651 1996 713 2054 tuis
727 2003 817 2075 atque
830 1998 1028 2076 pontificibus,
1037 2002 1076 2058 sd
1088 2000 1288 2079 redemptionis

102 2085 219 2136 aeterne
233 2077 419 2155 proficiamus
432 2083 633 2154 augmentum.
679 2076 745 2136 Per.

212 2271 325 2329 Senem
346 2269 480 2343 Fmrcm,
502 2285 637 2328 nrrscom
660 2286 697 2328 m
717 2286 879 2330 neruum.
924 2272 1000 2350 (xix.
1022 2272 1093 2334 Kal
1109 2272 1195 2352 Feb.)

164 2403 304 2478 Officium.
348 2402 390 2461 Os
406 2403 493 2478 justi,
508 2404 543 2461 ia
557 2401 715 2464 Ommnum'
728 2404 820 2464 maius
832 2406 952 2464 abbates.

164 2565 306 2636 Concede,
321 2584 497 2641 quaesumuS,
512 2565 699 2641 omnipotens
714 2567 805 2639 Deus,
820 2575 855 2624 ut
865 2567 902 2624 ad
911 2568 1062 2625 meliorem
1076 2570 1171 2627 vitam
1184 2578 1283 2627 monn

73 2700 77 2707 .
103 2647 239 2724 exempla
259 2645 390 2704 fidelium
410 2666 463 2703 nos
484 2653 643 2723 provocent
655 2667 664 2719 ;
695 2648 836 2722 quatinus
860 2668 985 2726 quorum
1011 2650 1168 2709 sollemnia
1190 2653 1286 2729 aginus

103 2730 193 2787 etism
207 2735 290 2786 actus
303 2727 462 2785 imitemur.
506 2726 565 2784 Per
578 2727 748 2785 Dominum.

164 2809 304 2886 Epistom.
348 2809 500 2866 Doctrinis
514 2809 611 2879 variis,
626 2808 659 2865 in
674 2808 833 2868 Oommmei
846 2810 938 2869 aetius
959 2814 1101 2886 martyris
1110 2815 1262 2889 pernitiem

123 2904 125 2908 '
166 2890 301 2950 Gredele.
343 2889 365 2946 J
367 2889 473 2946 uravit.

111 2973 140 3031 V.
164 2973 253 3031 Dixit
268 2971 423 3028 Dominus.

164 3053 312 3129 Alleluya.
362 3052 390 3108 V.
414 3051 555 3127 Disposui
570 3056 788 3109 testamentum.

166 3133 366 3207 Eeanqelium.
410 3132 471 3201 Qui
486 3151 536 3189 vos
549 3131 643 3202 audit,
658 3132 692 3188 in
707 3131 865 3191 Communi
878 3133 969 3191 eteius
983 3136 1133 3211 umrtprie.

167 3213 359 3288 Offertomum.
402 3213 505 3271 Gloria
518 3218 549 3270 et
562 3211 680 3270 honore.

166 3297 286 3353 Secreto.

166 3375 289 3433 Hostias
310 3374 376 3444 tibi,
402 3374 538 3442 Domine,
565 3374 643 3430 beati
667 3373 775 3431 Felicis
798 3375 970 3433 confessoris
993 3377 1041 3433 tui
1063 3377 1178 3436 dicatas
1190 3380 1262 3438 meri
1282 3371 1324 3395 Ι

105 3458 249 3532 benignus
262 3474 385 3525 assume,
397 3463 427 3511 et
441 3455 478 3511 ad
488 3461 663 3530 perpetuum
674 3455 760 3513 nobis
769 3456 867 3513 tribue
878 3457 1031 3532 pervenire
1041 3459 1214 3519 subsidium.
1237 3455 1324 3518 Pa

167 3536 350 3596 Oomemem'o.
394 3535 532 3606 Posuisti,
548 3545 582 3592 ut
596 3537 629 3593 in
644 3535 803 3594 Oorrtmuni
816 3538 908 3595 ouius
921 3539 1069 3614 mmrtyris.

168 3617 411 3675 Poslcmrmmmio.

166 3700 348 3769 Quaesumus,
364 3697 500 3769 Domine,
516 3698 694 3755 salutaribus
709 3698 814 3774 repleti
828 3700 985 3774 mysteriis,
1001 3707 1035 3758 ιιι
1049 3702 1135 3777 eujus
1150 3704 1272 3762 sollemu
1311 3727 1324 3739 ²

105 3782 293 3852 celebramus,
308 3780 372 3855 ejus
385 3779 567 3837 orationibus
580 3779 763 3854 adjuvemur.
807 3779 872 3838 Per.

337 3974 447 4032 Suscn
470 3974 589 4043 Mnum,
612 3988 747 4029 annuns.
791 3971 886 4050 (xviii
904 3973 972 4030 Kal.
990 3973 1072 4052 Feb.)

167 4105 306 4199 Officimn.
350 4103 391 4161 Os
399 4103 486 4179 justi,
500 4103 533 4159 in
548 4101 705 4160 Communi
718 4101 809 4159 enim
822 4102 939 4161 abbatia

166 4190 323 4342 3322,qu
333 4271 450 4323 setemae
463 4262 563 4341 gloriae
572 4262 746 4340 participem
759 4264 927 4322 concessisti
937 4265 1002 4323 fieri
1015 4267 1138 4324 beatum
1153 4267 1298 4328 Mennim
1306 4295 1324 4329 5

166 4402 393 4461 'iffi-Corporis
411 4401 473 4447 sacri
489 4404 513 4445 et
529 4400 629 4457 pretiosi
647 4401 774 4458 sanguinis
792 4402 876 4460 repleti
894 4402 1182 4464 libsmine,qu1esumus,
1203 4407 1316 4457 Deoia!

107 4462 172 4509 nes
183 4467 272 4520 noster,
281 4468 309 4508 ut
318 4461 382 4522 quod
391 4462 432 4523 pia
440 4459 568 4507 devotione
577 4459 692 4520 gerimus,
702 4464 767 4507 carle
775 4461 939 4523 redemptione
948 4464 1079 4526 capiamus
1111 4465 1165 4512 Per.
