2804 4920
105 357 168 421 262
593 355 685 418 Festa
706 352 806 418 Maii.

212 554 321 613 Εοιιιιι
344 571 398 612 mu
417 558 477 630 fiat
499 554 643 613 Memorio
664 570 705 612 ns
726 569 838 613 smero
861 553 1021 628 Ammo,
1044 571 1192 615 nrrsooro.

572 652 647 730 (viii.
664 653 734 712 Kal
748 652 836 731 Juu.)

168 733 277 794 Oratio.

165 816 256 888 Deus,
278 816 331 892 qui
353 815 432 874 inter
455 814 628 893 apostolicos
652 814 788 874 Ecclesia
815 815 948 874 doctores
967 821 1104 874 sanctum
1124 814 1276 873 Aldelmun

106 896 298 955 confessorem
322 902 407 953 tuum
430 903 520 973 atque
548 897 717 973 pontificem
744 896 853 954 calesti
880 896 1034 972 splendore
1060 896 1157 954 fecisti
1180 895 1276 965 lucere,

106 997 214 1048 annue,
238 996 413 1053 quaesumus,
435 983 471 1034 ut
495 977 571 1035 sicut
594 979 628 1035 in
650 997 684 1035 eo
708 978 833 1036 sormam
854 978 957 1035 salutis
977 978 1161 1054 agnovimus,
1174 976 1213 1033 sic
1228 976 1278 1051 ejus

107 1058 238 1132 vestigiis
252 1057 392 1115 inhaercrc
406 1058 585 1115 studeamus.
628 1058 693 1116 Per.

166 1138 287 1197 Secreta.

166 1219 252 1277 Beati
266 1219 399 1276 Aldelmi
413 1219 560 1296 pontificis
574 1219 629 1292 tui,
640 1238 813 1296 quaesumns,
827 1218 964 1292 Domine,
974 1219 1024 1296 pia
1034 1238 1095 1276 non
1104 1218 1181 1277 desit
1193 1215 1277 1285 oratio,

107 1319 172 1377 quae
193 1307 224 1358 et
248 1319 372 1358 munera
393 1306 493 1357 nostra
513 1301 657 1372 conciliet,
672 1307 703 1357 et
724 1310 807 1357 tuum
834 1300 919 1358 nobis
942 1299 1160 1379 indulgentiam
1182 1315 1278 1373 semper

107 1380 253 1457 imploret.
297 1381 363 1440 Per.

169 1461 409 1519 Postcommanio.

169 1542 260 1613 Deus,
276 1542 328 1618 qui
346 1562 399 1600 nos
419 1562 437 1599 a
457 1542 631 1600 delictorum
651 1541 794 1616 contagiis
815 1549 935 1600 tuorum
956 1543 1057 1619 expias
1071 1538 1278 1618 participatione

110 1629 376 1694 sacramentorum
399 1629 513 1698 praesta,
542 1630 577 1680 ut
609 1623 756 1699 pontificis
790 1623 836 1680 tui
856 1622 987 1680 Aldelmi
1014 1623 1130 1680 meritis
1148 1642 1167 1679 a
1185 1617 1280 1678 cunam

111 1723 249 1761 ernamur
262 1704 402 1775 adversis,
418 1709 449 1760 et
462 1704 585 1762 caleatis
598 1705 668 1761 vitae
683 1703 794 1760 deliciis
808 1704 1000 1780 perfruamur.
1042 1703 1102 1761 Per
1114 1702 1268 1760 Dominum.

194 1907 306 1966 Eoum
326 1924 380 1966 nis
401 1925 442 1966 os
461 1925 574 1967 asuero
596 1908 738 1980 Unssuo,
760 1923 908 1966 unuoms.
952 1907 1025 1984 (viii
1042 1907 1111 1964 Kal
1129 1907 1213 1984 Jun.)

175 2012 285 2071 Oratio.

170 2093 227 2165 Da,
242 2114 418 2170 quaesumus,
433 2094 618 2170 omnipotens
634 2095 723 2165 Dens,
738 2100 774 2151 ut
793 2095 846 2170 qui
859 2093 940 2151 beati
956 2091 1076 2152 Urbani
1098 2090 1232 2170 mamyris
1242 2088 1278 2146 tui

110 2181 199 2251 atque
218 2175 365 2251 pontificis
378 2175 531 2232 sollemnia
545 2174 675 2246 colimus,
689 2177 752 2251 ejus
772 2175 851 2252 apud
870 2182 902 2232 te
919 2174 1175 2232 intercessionibus
1196 2172 1278 2248 adjur-

114 2274 205 2312 emur.
249 2255 314 2313 Per.

173 2334 293 2393 Secreta.

174 2416 248 2472 Haec
274 2416 379 2488 hostia,
403 2435 577 2494 quesumus,
603 2417 740 2490 Domine,
765 2416 905 2475 emundet
931 2423 1034 2475 nostra
1059 2416 1187 2488 delicta;
1204 2409 1276 2472 etstl

113 2496 288 2554 sacrificinm
309 2498 512 2555 celebrandum
535 2498 718 2556 subditorum
741 2499 796 2555 tibi
809 2517 931 2574 corpora
943 2505 1116 2574 mentesque
1129 2494 1275 2556 sanctificat

116 2578 180 2638 Per.

173 2659 413 2717 Postcommaaio.

174 2740 295 2816 Repleti
321 2741 543 2816 participatione
577 2741 707 2797 muneris
741 2741 823 2812 sacri,
859 2761 1035 2817 quaesumus,
1072 2741 1195 2796 Domine
1214 2736 1273 2793 Dens

112 2827 220 2893 noster,
237 2828 271 2879 ut
285 2822 368 2895 cujus
381 2821 569 2895 exsequimur
583 2822 704 2892 cultrum,
720 2823 881 2879 sentiamus
895 2823 1040 2879 effectum.
1084 2820 1148 2878 Per.

542 3010 671 3086 Septima
685 3010 778 3066 Missa
784 3013 843 3083 flat
857 3009 891 3066 de

218 3117 336 3173 Sinera
358 3117 547 3183 Aususriuo,
569 3117 747 3173 Anonosuu
769 3131 919 3173 nriscoro.
962 3115 1024 3186 (vii.
1043 3114 1111 3172 Kal.
1126 3111 1203 3185 Jun)

180 3238 319 3312 Offioiwa
363 3238 476 3294 Statuit
490 3238 525 3293 ei.

181 3319 290 3377 Oratio.

178 3398 268 3469 Dens,
294 3399 346 3474 qni
373 3400 491 3455 beatum
515 3399 719 3474 Augustinum
747 3398 914 3473 pontificem
942 3398 1090 3455 doctorem
1111 3392 1206 3472 populo
1223 3403 1271 3441 ⁶⁰¹1·

117 3479 228 3536 cessisti
246 3479 418 3553 Anglorum,
433 3480 524 3555 ipsius
538 3480 709 3535 interventu
724 3479 839 3535 veniam
854 3478 939 3535 nobis
952 3480 1050 3535 tribue
1069 3466 1270 3554 peccatorum,et

117 3580 184 3617 cnm
199 3560 261 3634 ipso
275 3559 432 3616 caelestium
447 3560 566 3635 praemia
579 3560 758 3635 gaudiorum.
803 3560 861 3615 Per
875 3559 1046 3617 Dominum.

177 3641 322 3697 Memoria
336 3642 369 3697 de
383 3651 480 3699 sancto
494 3640 661 3699 Ethelbarto.
699 3641 809 3709 Oratio,
824 3640 898 3696 sicia
912 3641 946 3696 iu
959 3641 1013 3697 die.

177 3721 318 3795 Epistola.
362 3721 436 3778 Eccc
450 3722 579 3778 sacerdos
594 3741 724 3796 magnus,
740 3722 837 3796 quiin
851 3721 914 3776 situ
928 3741 987 3778 sua.

177 3802 325 3877 Alleluya.
377 3803 403 3858 V.
426 3802 532 3858 Justus
546 3804 731 3877 germinabit.

176 3881 342 3940 Secundam
357 3882 503 3957 Allalnya,
515 3893 606 3957 prout
621 3894 730 3959 tempus
743 3884 873 3956 requirit.

180 3963 215 4021 Si
226 3971 289 4038 post
305 3964 484 4020 Trinitatem.

181 4044 315 4102 Oradalo.
358 4044 432 4101 Ecca
445 4045 582 4102 sacerdos.

127 4125 155 4184 V.
182 4126 252 4182 Non
268 4132 312 4182 est
326 4126 471 4182 inventus.

179 4206 326 4282 Alleluya.
376 4206 404 4265 V.
427 4205 532 4262 Justus
546 4205 731 4282 germinabit.

179 4286 344 4361 Sequentia,
359 4287 393 4344 do
409 4287 566 4345 Communi
579 4288 672 4343 tesius
685 4285 854 4360 confessoris
868 4293 893 4343 et
902 4286 1056 4361 pontificis.

181 4366 399 4442 annqeliamf*
442 4368 541 4425 Homo
555 4368 674 4443 quidam
690 4387 817 4444 peregre.

554 4489 564 4511 ·
581 4486 760 4541 sis-videto,
770 4486 874 4542 vigilate.
