2806 4920
398 315 494 382 Dom.
515 337 543 382 o.
562 324 638 402 poet
661 314 725 383 Oct.
748 315 956 382 Pentecostee.
1212 319 1274 379 185

138 482 272 642 {eoed‘pss
294 563 431 637 Domine,
452 582 575 622 munera
598 563 792 641 supplicantis
812 562 968 636 Ecclesiae3
992 567 1023 620 ct
1047 562 1137 620 saluti
1161 561 1277 620 ereden-

74 646 154 704 tium
167 652 310 723 perpetua
323 645 554 704 sanctificatione
566 645 710 703 sumenda
722 644 854 704 concede
896 643 956 702 Per
969 643 1139 701 Dominum.

139 726 319 788 (lenunculo.

137 808 286 866 Dominus
298 807 518 865 firmamentum
531 825 639 882 meum,
653 812 685 865 et
697 805 845 883 refirgium
858 825 967 880 meum,
978 813 1009 863 et
1022 805 1162 862 liberator
1175 824 1258 862 meus
1270 826 1276 861 ι

75 888 160 948 Deus
172 908 264 960 meus,
279 889 399 966 adjutor
410 907 503 946 meus.

136 969 377 1029 Poalcommuaio.

137 1050 245 1109 Sancta
264 1057 318 1108 tua
337 1069 400 1122 nos,
415 1049 551 1121 Domino,
567 1054 686 1125 sumpta
704 1048 858 1106 vivificent
867 1068 876 1122 ;
896 1054 928 1106 et
947 1047 1151 1106 misericordiae
1171 1046 1276 1124 sempi-

74 1138 168 1190 terne
181 1137 347 1210 praeparent
359 1130 501 1208 expiatos
545 1129 603 1187 Per
617 1128 787 1187 Dominum

544 1363 644 1422 Ferus
665 1363 801 1434 Quaere.

133 1488 184 1546 Ad
195 1487 343 1547 Ronmaca
355 1486 398 1566 (ο.
416 1486 530 1564 1821).

134 1568 273 1627 Fratres:
304 1568 387 1627 Siout
408 1588 462 1646 per
484 1567 575 1626 unius
598 1567 740 1626 delictum
763 1586 854 1644 usque
875 1568 916 1626 ad
942 1568 975 1625 in
1002 1567 1095 1626 vitam
1122 1572 1271 1640 aeternam,

71 1649 132 1708 Per
144 1650 166 1708 J
168 1670 249 1707 esum
264 1649 425 1723 Christum,
440 1649 604 1707 Dominum
618 1654 761 1707 nostrum.

131 1740 300 1801 Secundum
312 1743 426 1802 neom
438 1743 520 1823 (alil
538 1744 652 1823 31-35).

131 1822 173 1881 In
185 1824 238 1882 illo
251 1829 391 1902 tempore,
401 1825 599 1884 Aooeasenmt
608 1825 729 1902 quidum
743 1825 958 1883 Pharisaeorum
972 1825 1009 1883 ad
1023 1825 1044 1883 J
1046 1844 1128 1883 esum
1142 1825 1272 1884 dicentes

67 1904 162 2042 «11)οοιι3
184 1904 245 1999 dlxi
257 1905 335 1978 hinc,
351 1906 422 1983 quia
435 1906 570 1965 Herodes
582 1926 673 1983 usque
691 1908 732 1965 ad
750 1907 928 1965 Benedictus
942 1907 995 1984 qui
1011 1906 1140 1964 venitin
1153 1906 1273 1964 nomine

100 2005 203 2043 omma

547 2147 648 2205 Fami
681 2146 791 2205 Snxrn.

128 2276 226 2335 boelio
239 2275 378 2354 Epistoloe
391 2277 466 2336 decli
478 2275 583 2337 Joeoli
595 2277 729 2354 Apostoli
741 2278 783 2354 (v.
801 2277 895 2356 7-11).

130 2356 301 2415 carissimi:
325 2357 477 2417 Patientes
490 2359 585 2436 igitur
604 2365 698 2418 estote
717 2378 808 2434 usqua
827 2360 868 2416 acl
888 2358 1028 2435 quoniam
1046 2356 1212 2416 misericors
1225 2362 1270 2415 est

65 2437 218 2497 Dominus
231 2443 262 2496 et
274 2437 435 2498 miserator.

127 2529 297 2590 Secundum
310 2531 449 2591 Murcum
462 2532 506 2608 (ar.
525 2532 571 2591 1-9
574 2533 598 2610 )

127 2612 168 2671 In
195 2612 247 2671 illo
276 2619 417 2689 tempore,
446 2613 617 2690 Exsurgens
643 2613 732 2672 lesus
758 2613 843 2671 venit
875 2613 908 2670 in
938 2612 1012 2671 fines
1037 2612 1160 2684 Judaeae,
1187 2612 1267 2669 ultra

62 2693 87 2752 J
87 2693 233 2753 ordanem
244 2713 334 2770 ceptae
347 2695 389 2752 od
403 2694 489 2764 Quod
503 2695 586 2753 Deus
600 2693 766 2771 conjunxit,
782 2694 870 2752 homo
883 2713 944 2751 non
958 2703 1080 2770 separet.

268 2927 429 2986 Domeros
450 2926 573 2997 Qumrn
594 2943 665 2986 rosr
686 2925 828 2986 Oernvis
848 2927 1069 2985 Pnurncosrns.

126 3022 267 3098 Officium.

125 3104 255 3176 Exaudi,
268 3104 403 3177 Domine,
415 3124 517 3163 vocem
530 3124 625 3163 meam
636 3123 695 3181 qua
708 3104 832 3162 clamavi
846 3103 884 3161 ad
897 3110 946 3161 te:
964 3103 1083 3179 adjutor
1097 3122 1178 3161 mens
1190 3110 1264 3176 esto,

59 3206 100 3246 ne
113 3184 301 3262 derelinquas
315 3204 371 3258 me,
385 3205 482 3264 neque
494 3185 636 3264 despicias
649 3204 706 3258 me,
721 3185 804 3243 Deus
816 3184 954 3243 salutaris
967 3203 1057 3242 meua.

122 3347 273 3406 Dominus
285 3346 465 3406 illuminalio
478 3367 551 3421 mea,
565 3353 596 3407 et
609 3347 688 3406 salus
701 3366 782 3405 mea:
805 3365 893 3422 quem
907 3346 1036 3404 timebol

124 3440 235 3500 Oratio.

123 3521 173 3579 Da
185 3520 280 3594 nobis,
294 3541 470 3598 quaesumus,
484 3520 623 3593 Domine,
638 3527 674 3579 ut
687 3527 718 3579 et
731 3520 836 3578 mundi
849 3539 951 3578 cursus
971 3518 1091 3596 pacifice
1110 3518 1196 3578 nobis
1210 3527 1262 3577 tuo

58 3602 166 3662 ordine
192 3601 346 3680 dirigatur,
371 3609 402 3661 et
424 3602 555 3661 Ecclesia
580 3609 634 3660 tua
657 3602 819 3679 tranquilla
841 3601 998 3658 devotione
1023 3600 1147 3658 laetetur.
1205 3601 1264 3659 Per

58 3683 227 3743 Dominum
246 3689 388 3741 nostrum

120 3773 220 3833 Lectio
232 3773 372 3851 Epistola
384 3774 460 3834 leoli
473 3774 555 3833 Pem'
568 3774 700 3850 Apostoli
711 3773 746 3853 (1
763 3774 806 3831 iil
823 3773 917 3853 8-15).

123 3853 292 3913 carissimi:
316 3854 426 3914 Omnes
447 3855 602 3914 unanimes
619 3856 652 3913 in
671 3855 803 3913 oracione
824 3860 919 3914 estote
940 3875 1031 3931 usqae
1044 3857 1085 3912 ad
1098 3855 1260 3913 Dominum

56 3942 162 3995 autem
176 3934 329 3994 Christum
342 3936 523 3995 sanctificate
537 3937 568 3994 in
582 3936 718 3995 cordibus
731 3935 846 3994 vestris.

119 4109 277 4169 Pmtector
288 4116 397 4183 noster,
412 4110 517 4188 aspice,
531 4111 631 4169 Deus:
653 4117 683 4169 et
696 4111 806 4188 respice
819 4130 908 4187 super
920 4129 1019 4169 servos
1032 4115 1106 4168 tuos.

63 4192 93 4251 V.
120 4191 251 4251 Domine
264 4192 346 4250 Deua
359 4192 527 4250 virtutum:
548 4193 656 4251 exaudi
670 4212 767 4269 preces
781 4211 932 4250 servorum
947 4198 1074 4249 tuorum

117 4272 270 4349 Alleluya
319 4273 347 4332 V.
377 4272 417 4331 In
429 4279 469 4346 te,
485 4273 622 4345 Domine,
639 4273 762 4350 speravi,
777 4293 838 4331 non
858 4272 1022 4331 confundar
1041 4271 1074 4328 in
1094 4273 1255 4326 eternum:

54 4356 90 4412 in
116 4359 172 4412 tua
193 4353 316 4430 justitia
341 4352 435 4412 libera
461 4373 517 4424 me,
541 4353 652 4412 inclina
674 4354 712 4411 ad
739 4374 786 4412 me
816 4373 917 4412 aurem
950 4358 1042 4421 tuam,
1067 4350 1194 4409 accelera
1221 4356 1256 4407 ut

53 4453 164 4513 eripias
184 4452 240 4494 me
