2806 4920
497 345 728 411 Ordioaeimn
748 347 869 413 Μίδεω.
1222 352 1283 415 12³

140 512 299 570 Domioieo
319 513 353 570 in
366 513 448 573 Atto
468 523 494 573 et
514 515 638 590 sirmulis
652 516 825 588 Dominicis,
841 516 875 573 in
888 517 1021 575 onmilms
1034 518 1132 576 Feriis
1151 529 1177 577 et
1192 519 1285 576 Festos

75 613 146 651 eum
159 595 298 669 redimine
313 594 403 654 Cltori
414 595 459 653 vel
470 597 539 669 sine,
554 617 644 672 mque
658 599 699 654 od
712 598 932 668 decensionem·
952 600 1073 674 exceptis
1082 601 1177 658 Festis
1189 598 1285 658 sarreti

75 674 187 745 Marci,
209 675 414 751 Apostolorum
433 676 568 753 Philippi
594 687 620 735 et
640 677 752 749 Jacobi,
774 678 957 736 [aventionis
983 690 1090 737 eatretoe
1119 680 1233 754 Crucis,
1257 687 1284 738 et

75 756 174 813 sancti
185 755 336 814 Jolmnois
349 767 415 815 ente
425 768 543 833 portam
557 759 705 830 Lalirmm
721 761 762 816 sie
776 760 894 817 (litator
906 761 1070 837 Pmfietio:

138 837 267 895 AEterne
280 838 370 897 Deus.
413 839 454 895 Et
468 847 498 896 te
512 839 632 915 quidem
646 841 880 916 omnitempore,
897 843 948 898 sed
966 845 999 899 in
1019 843 1073 899 hoe
1094 842 1282 918 potissimum

74 917 234 993 gloriosius
254 919 421 994 praedicare,
443 939 511 977 cum
532 919 644 978 Pascha
665 928 799 979 nostrum
820 922 990 980 immolatus
1011 930 1056 980 est
1078 924 1232 982 Christus:
1257 930 1283 981 et

75 1009 169 1056 cetero
182 1008 216 1056 ut
230 1020 328 1075 suprm

139 1081 271 1138 Tamum
284 1082 319 1138 in
338 1081 445 1156 Viqilia
460 1082 578 1140 Paselrae
591 1083 676 1159 insto
692 1082 858 1142 Cononem:

138 1161 406 1234 Communicentes,
422 1170 453 1221 et
472 1169 588 1220 noctem
605 1164 835 1222 sacratissimum
852 1165 1032 1223 celebrantes
1043 1165 1282 1225 Resurrectionis

74 1240 218 1302 Domini:
239 1253 273 1299 ot
287 1244 320 1301 io
329 1245 464 1320 proximo
478 1244 613 1320 sequenti

136 1322 179 1380 In
192 1325 239 1382 die
252 1325 379 1382 Pascleae.

137 1405 403 1477 Communieentes‚
428 1411 459 1463 et
482 1406 561 1463 diem
585 1406 814 1464 secretissimum
838 1408 1019 1465 celebrantes
1043 1407 1281 1466 Resrrrreetionis

72 1485 201 1543 Domini
216 1487 311 1544 nostri
323 1487 345 1545 J
346 1507 398 1544 esu
412 1486 524 1544 Christi
545 1489 705 1546 seeundum
725 1508 848 1546 earnem
895 1489 952 1546 Sed
966 1496 997 1546 et
1010 1490 1181 1547 memoriam
1196 1508 1281 1547 vene·

70 1573 182 1638 rantes,
198 1567 237 1624 In
250 1568 353 1644 primis
366 1567 498 1642 gloriose
512 1588 626 1646 semper
642 1570 766 1646 virginis
781 1569 886 1626 Merite
906 1571 1063 1646 genetricis
1077 1571 1207 1647 ejusdem
1223 1569 1282 1628 Dei

68 1655 104 1704 et
119 1647 244 1704 Domini
256 1649 351 1706 nestri
365 1649 386 1706 J
388 1669 438 1706 esu
453 1648 572 1707 Christi.
616 1650 673 1709 Sed
687 1657 718 1708 et
731 1651 892 1708 beatorum.

134 1726 248 1786 Eodem
261 1730 317 1801 die,
332 1729 423 1804 Infra
439 1729 594 1789 Cononem.

134 1808 224 1866 Hane
238 1810 330 1887 igitur
343 1811 523 1868 oblationem
536 1813 689 1870 servitutis
706 1819 821 1880 nostrae,
836 1812 886 1869 sed
900 1819 931 1870 et
944 1819 1056 1870 cnnetae
1075 1814 1194 1871 somiliae
1209 1820 1277 1885 tuse,

67 1909 163 1966 quem
177 1891 233 1947 tibi
247 1893 395 1950 offerimus
408 1912 461 1968 pro
480 1891 526 1950 his
539 1913 655 1970 quoquo
669 1913 742 1970 quos
760 1914 931 1969 regenerare
951 1894 1089 1971 dignatus
1104 1914 1134 1951 es
1148 1915 1186 1952 ex
1200 1915 1278 1972 eque

66 1982 101 2028 et
115 1970 230 2048 Spiritu
239 1973 356 2045 Sancto,
371 1974 505 2032 tribuens
518 1975 560 2033 eis
574 1975 774 2032 remissionem
789 1975 920 2032 omnium
935 1983 1130 2051 peecatorum,
1146 1985 1180 2032 ut
1194 1974 1280 2050 infre

68 2052 230 2112 Cononem.

133 2132 184 2192 Sic
196 2134 314 2192 dicatur
328 2134 585 2194 Communieantes
599 2145 625 2195 et
639 2137 728 2193 Hane
742 2137 842 2212 igitur.

133 2225 176 2283 Io
199 2228 246 2285 die
266 2228 449 2288 decemioois
468 2230 599 2299 Domini,
624 2239 650 2288 et
674 2231 801 2305 quotidie
820 2251 875 2306 per
897 2230 1026 2303 Oetaeos,
1048 2240 1073 2288 et
1095 2231 1128 2289 in
1152 2231 1278 2289 crastino

64 2309 258 2380 Oemvarum,
274 2309 315 2367 sie
330 2311 447 2368 dicatur
460 2312 495 2369 de
508 2311 680 2369 Ascensioree
693 2312 818 2369 Domini
831 2311 995 2386 Profatio:

61 2427 1278 2576 w

121 2585 181 2643 Per
195 2587 357 2645 Chris-turn
381 2588 428 2645 Do
437 2589 578 2645 -mi-num
590 2595 732 2645 nos-trum
742 2611 748 2646 ι
758 2589 817 2657 Qui
831 2595 898 2664 post
912 2590 1123 2645 resur-recti
1133 2622 1142 2630 -
1152 2608 1256 2645 o-norn

61 2771 832 2840 —'—--—-——————''‘''
473 2775 737 2818 ''¹''

97 2928 199 2965 sir-am
214 2909 387 2968 orn-ni-bus
407 2910 626 2988 dis-ei-pulis
650 2912 740 2969 sn-is
766 2911 988 2968 meni-festus
1018 2913 1255 2987 ep-pa-ru-it,

63 3068 158 3078 ...-
566 3069 588 3076 ...
843 3068 939 3075 ---
943 3067 1274 3076 -““,---

64 3093 1274 3184 ——n—fl-fl-n-e-e—u—n-e—Hffl

93 3233 128 3286 et
153 3230 252 3306 ip-sis
274 3230 495 3287 cer-nen-ti-bus
515 3235 560 3287 est
582 3228 772 3286 e-le-ve-tus
799 3230 831 3285 in
866 3229 990 3298 cre-lum,
1006 3236 1042 3286 ut
1056 3249 1109 3286 nos
1127 3230 1260 3287 di-vi-ni-

85 3551 182 3608 te-tis
203 3550 393 3608 tri-bu-er-et
417 3570 448 3608 es
461 3584 473 3595 -
487 3570 517 3608 se
537 3551 775 3628 par-ti-ei-pes.
820 3550 862 3608 Et
886 3550 991 3608 ide-o
1009 3570 1077 3608 eum
1090 3550 1242 3626 en-ge-lis.

124 3696 236 3756 Eodem
250 3697 305 3768 die,
321 3705 347 3755 et
355 3716 411 3772 per
426 3696 556 3768 Oetaeas,
571 3705 597 3754 et
610 3696 644 3754 m
660 3695 774 3754 Octava.
818 3694 909 3769 Insm
924 3694 1079 3754 Caesonem.

126 3778 394 3850 communicantes,
406 3785 437 3835 et
447 3778 525 3836 diem
536 3779 763 3835 sacratissimum
778 3777 967 3847 celebrantes,
980 3796 1039 3853 quo
1050 3776 1196 3832 Dominus
1207 3796 1271 3832 nos-

61 3871 112 3920 ter
124 3861 146 3918 J
147 3879 214 3918 esus
228 3859 373 3929 Christus,
390 3859 561 3935 unigenitus
576 3859 670 3915 Filius
684 3865 761 3931 tuus,
779 3858 894 3914 unitam
908 3858 964 3914 sibi
979 3856 1148 3933 fragilitatis
1162 3863 1270 3914 nostres

59 3941 271 4013 substantiam,
286 3940 318 3997 in
332 3940 433 4016 gloriae
446 3948 506 3997 tuse
521 3941 672 3997 dexteram
686 3940 848 3997 collocavit.
892 3938 950 3996 Sed
964 3946 994 3996 et
1008 3938 1186 3995 memoriam.

122 4035 166 4093 Io
184 4034 292 4111 thilia
306 4035 487 4103 Pmteeostee,
502 4043 528 4092 et
541 4035 576 4092 m
589 4034 645 4105 die,
660 4043 685 4092 et
694 4054 750 4109 per
763 4032 979 4105 hebdomadam,
995 4043 1020 4091 et
1041 4032 1150 4107 quoties
1169 4040 1267 4088 cereta·

60 4129 114 4175 tur
136 4118 172 4175 de
194 4116 301 4174 §inmte
324 4116 450 4192 Spiritu,
472 4115 530 4173 ltoee
554 4136 671 4190 sequens
695 4116 813 4172 dicotur
834 4113 994 4187 Prmsatio:
1015 4115 1064 4170 sed
1088 4123 1184 4170 tomen
1207 4131 1267 4168 ozon

61 4201 182 4257 dicatur
195 4197 337 4255 hodierna
350 4197 398 4255 die
411 4198 472 4254 nisi
486 4206 602 4254 tontum
615 4197 649 4253 m
662 4197 708 4253 die
722 4205 747 4253 et
757 4217 812 4272 per
824 4195 1032 4253 hebdomadam
1042 4217 1050 4251 .·

105 4476 166 4535 Per
179 4474 344 4535 Christum
357 4474 555 4533 Do-mi-num
569 4479 731 4532 nos-trum:
752 4473 812 4544 Qui
831 4472 1008 4530 aseendens
1025 4490 1124 4548 su-per
1142 4490 1253 4529 om-nes
