2806 4920
303 308 488 375 Domiaioo
508 308 533 374 i.
552 314 628 394 post
652 308 789 374 Oetaeas
809 305 1029 394 Epiphania.
1222 315 1262 376 31

114 478 261 537 Psalmus.

112 560 135 618 J
137 560 251 617 ubilnte
265 558 340 630 Deo,
354 557 450 615 omnis
462 562 543 616 terra
551 576 561 631 3
581 556 689 615 servite
703 556 833 615 Domino
846 559 878 614 in
892 557 1005 616 laetitiu

117 639 228 698 Oratrh.

112 720 206 792 Vota,
229 739 402 797 quaesumus,
419 718 557 791 Domine,
576 719 768 796 supplicantis
789 718 892 795 populi
913 718 1022 776 coelesti
1036 720 1147 796 pietate
1168 738 1264 797 prose-

50 822 163 879 quere:
192 808 229 860 ut
251 807 281 859 et
302 821 368 877 quse
389 800 502 877 agenda
523 806 593 858 suut
614 800 744 874 sidennt,
767 807 798 857 et
819 799 858 857 od
878 799 1028 876 implendo
1044 820 1110 878 quoe
1124 801 1264 860 viderunt

51 882 266 941 oonvalesmnt
310 882 369 940 Per
382 881 553 938 Dominum

113 964 211 1022 Lectio
224 962 364 1039 Epistohe
378 963 452 1020 beati
465 962 564 1020 Pauli
607 961 657 1019 Aa
670 960 817 1020 Romanos
830 961 898 1034 (eii.
917 961 992 1039 1-5)

113 1044 253 1103 Fratres:
283 1044 409 1103 Obsecro
427 1062 480 1101 vos
498 1062 550 1119 per
570 1042 798 1100 misericordiam
813 1042 880 1115 Dei,
896 1049 932 1099 nt
953 1042 1119 1101 exhiheatis
1140 1063 1261 1121 corporo

51 1133 151 1184 vestm
171 1146 262 1201 usqam
283 1126 324 1182 ad
345 1123 455 1202 singuli
476 1131 576 1181 antem
597 1123 674 1181 ulter
694 1124 817 1181 alterius
837 1123 977 1196 membra,
993 1124 1034 1182 In
1048 1124 1168 1183 Christo
1186 1125 1260 1183 Jesu

50 1207 183 1265 Domino
196 1212 305 1265 nostro.

108 1287 290 1427 mins
303 1366 452 1425 Dominus
465 1367 548 1425 Deus
567 1365 669 1439 Israel,
686 1365 737 1443 qui
759 1365 831 1424 faeie
852 1365 1001 1424 mirabilia
1022 1386 1129 1444 magno
1142 1367 1221 1426 solus
1241 1389 1260 1427 o

49 1449 165 1508 saectslo.

55 1530 83 1591 V.
107 1530 278 1607 Suscipiunt
292 1536 408 1588 montes
421 1549 520 1606 paoem
536 1529 642 1605 populo
656 1534 718 1599 tu0,
733 1533 764 1585 et
778 1528 865 1585 eolles
874 1529 1034 1604 justitiam.

107 1611 260 1689 Alleluya
308 1610 336 1669 V.
359 1610 381 1668 J
382 1610 494 1668 ubilete
507 1609 573 1667 Deo
586 1609 682 1667 omnis
695 1616 794 1666 terra:
818 1610 926 1667 servite
945 1610 1074 1668 Domino
1093 1611 1126 1668 in
1139 1611 1254 1670 letitia.

109 1691 269 1768 Saqroeatia
302 1691 512 1762 Laetabundus,
540 1689 584 1748 ael
616 1690 739 1748 Caeleste
773 1709 917 1766 organum
945 1700 1099 1748 cantentur
1125 1693 1259 1751 ontnibae

48 1773 224 1845 Dominicis,
245 1774 364 1848 quarulo
384 1773 419 1830 de
439 1771 596 1830 Dominica
616 1772 725 1845 aqitar,
746 1791 836 1846 asqsae
856 1772 897 1828 od
923 1772 1172 1846 Parilicatiomm,
1199 1774 1258 1833 nisi

52 1853 273 1931 Sqotnaqeeima
281 1853 466 1930 precesserit.

106 1935 224 1994 Eadem
229 1938 290 2011 fiat
304 1933 454 2009 Praefatio,
479 1933 557 2003 Quia
569 1952 622 2009 per
636 1930 792 1992 inoarnati.

105 2016 278 2076 Secundum
291 2015 404 2073 Meam
417 2015 465 2090 (ii.
484 2013 598 2091 42-52).

107 2097 186 2156 Oum
199 2097 294 2155 foetus
308 2101 384 2154 esset
396 2096 485 2154 Jesus
504 2114 650 2152 annorum
670 2094 824 2153 duodecim
845 2115 935 2170 usqae
949 2096 989 2153 ad
1009 2100 1040 2154 et
1060 2095 1157 2172 gratio
1177 2098 1256 2175 apud

46 2177 146 2237 Deum
160 2184 193 2236 et
205 2177 347 2238 homines.

107 2256 303 2333 offertorium

104 2341 243 2399 Jobilute
270 2339 344 2411 Deo,
373 2338 468 2396 omnis
501 2344 597 2395 terra:
628 2337 758 2412 jubilato
784 2339 859 2409 Deo,
889 2338 985 2396 omnis
1012 2343 1111 2397 terro:
1145 2341 1254 2398 servite

45 2420 178 2479 Domino
205 2422 238 2479 in
266 2419 389 2478 laetitin:
422 2420 533 2477 intrate
556 2419 589 2475 in
616 2427 774 2496 conspeetu
801 2420 864 2495 ejus
891 2420 923 2476 in
951 2419 1154 2480 exultatione:
1184 2424 1255 2498 quie

45 2501 197 2560 Dominus
207 2502 270 2579 ipse
283 2507 329 2559 est
342 2501 434 2559 Dens.

104 2582 250 2722 Agiilraeiiim
264 2663 330 2734 tibi,
343 2661 478 2733 Domine,
493 2660 667 2720 sacrificium
681 2661 812 2720 vivificet
825 2681 887 2734 nos,
904 2681 1079 2738 quaesumus,
1096 2673 1254 2741 temperet

43 2745 171 2803 muniat.
215 2744 275 2803 Per
289 2744 459 2802 Dominum.

104 2825 376 2985 gfflffiwioeisffi
393 2906 478 2964 nobis
495 2904 559 2962 siai
586 2904 650 2981 Ego
672 2909 703 2961 et
716 2907 800 2979 puter
813 2909 883 2960 tuus
901 2902 1033 2961 dolentes
1050 2905 1252 2981 querebamus

10 3049 15 3059 ,
41 2993 80 3046 te.
118 2987 161 3045 Et
175 2987 248 3065 quid
261 2992 307 3045 est
320 2987 399 3064 quod
413 3006 460 3044 me
473 2985 668 3063 quaerebatis?
689 2983 872 3042 Nesciebatis
882 2984 953 3061 quia
966 2985 999 3041 in
1012 2985 1058 3043 his
1072 3005 1137 3062 quse
1152 2986 1252 3045 Petris

40 3070 102 3126 mei
116 3075 188 3126 sunt
200 3076 318 3146 oportet
331 3088 378 3126 me
392 3070 475 3127 esset

103 3150 346 3208 Postoommaaio.

103 3231 259 3308 Supplioes
280 3239 311 3288 te
332 3249 476 3307 rogamus,
495 3230 681 3306 omnipotens
702 3228 793 3298 Deus,
814 3233 850 3284 ut
868 3247 941 3303 quos
962 3228 1023 3286 tuis
1045 3229 1139 3288 reficis
1161 3249 1252 3289 sacro-

39 3313 162 3385 montis,
176 3313 234 3370 tibi
251 3312 343 3369 etiam
364 3311 480 3389 placitis
501 3311 632 3369 moribus
653 3309 810 3386 dignanter
831 3309 978 3367 deservire
1001 3312 1148 3369 concedas.
1192 3311 1251 3370 Per

40 3393 216 3452 Dominum.

102 3474 140 3532 Si
152 3484 264 3551 tempas
277 3474 348 3532 adeo
361 3471 542 3547 &avesnes-it
553 3473 588 3530 ab
600 3471 708 3530 Octava
718 3471 894 3547 Eyripltanioe
904 3493 994 3547 arsque
1004 3471 1251 3549 Septaoqesimam

36 3556 121 3633 quod
142 3557 210 3614 dua
230 3555 338 3628 Missa,
365 3554 469 3612 militat
489 3554 528 3611 In
550 3554 665 3611 excelso
693 3552 802 3610 throno
826 3561 852 3610 et
875 3552 980 3610 Omnis
1000 3559 1088 3625 terro,
1108 3565 1250 3629 usqimai

37 3637 167 3709 tantari,
197 3646 267 3694 tana
293 3636 328 3694 ia
354 3635 512 3693 Dominioa
537 3634 621 3711 infra
642 3634 764 3692 Oetaeae
783 3632 828 3690 ael
845 3633 880 3689 iu
897 3634 962 3708 ipsa
985 3634 1099 3706 Octava,
1115 3636 1142 3693 ei
1161 3628 1250 3693 Doni-

38 3718 122 3776 t‘m'oa
137 3717 293 3793 marhesit,
306 3716 345 3773 In
360 3715 473 3774 excelso
487 3716 670 3773 thronorum
683 3714 861 3789 Proesatioae
875 3714 909 3770 de
923 3714 1095 3790 Epildtaaia
1109 3725 1247 3774 coartetur.

39 3798 119 3859 Cum
129 3807 226 3857 aedom
234 3797 387 3874 prolamans
397 3797 620 3873 mamusfaerit,
630 3805 700 3854 tuno
715 3795 847 3870 Officium
856 3795 990 3853 Adorate
1001 3796 1099 3854 Deum
1108 3818 1164 3873 per
1173 3798 1250 3856 <luas

37 3879 83 3938 ael
95 3889 154 3938 tres
167 3878 341 3939 Dmninicas
357 3886 496 3936 canta-m.

514 3975 613 4035 qun
634 3976 773 4045 Qusnrn.

98 4061 150 4118 Aa
163 4060 311 4119 Romanos
323 4059 385 4136 (iii.
403 4058 520 4135 19-26).

100 4142 241 4201 Fratres:
270 4142 385 4199 Scimus
407 4141 546 4217 quoniam
564 4158 746 4216 quaeeunque
763 4137 813 4195 lex
830 4157 920 4214 usqua
938 4140 978 4196 ad
996 4138 1104 4216 quiex
1125 4139 1182 4196 fide
1203 4145 1248 4197 est

30 4225 112 4283 Jesu
127 4223 241 4282 Christi
254 4223 378 4280 Domini
390 4221 492 4279 nostri

98 4304 269 4363 Semondum
288 4304 428 4362 Marcam
443 4303 483 4376 (i.
501 4301 599 4377 4-11).

98 4385 141 4443 In
167 4384 221 4444 illo
242 4391 384 4462 tempore,
407 4384 479 4442 Fuit
500 4382 653 4442 Johonnes
674 4382 707 4440 in
729 4383 843 4443 deserto
865 4403 955 4459 utque
979 4384 1020 4441 aci
1047 4381 1141 4440 Filius
1165 4401 1247 4442 meus

31 4467 173 4543 dilectos,
187 4466 222 4526 in
235 4472 266 4526 te
279 4465 449 4543 complacui,
610 4480 613 4487 ’
