2804 4920
522 341 617 408 Festo
638 342 799 427 Augusti.

412 507 452 565 In
466 527 525 584 qua
538 528 590 585 per
603 508 750 585 Spiritum

412 588 503 646 Facta
517 589 698 647 Paraclitum

452 669 550 727 Fnlsit
563 670 735 729 fecunditas.

411 750 437 809 0
452 770 542 828 quam
555 758 663 825 sancta,
680 772 769 829 qnam
782 772 893 832 semna,

411 831 508 902 Quam
521 832 657 909 benigna,
671 853 760 909 quam
773 854 898 907 amoena,

450 912 523 971 Esse
538 913 623 990 virgo
636 914 774 972 creditur.

408 992 467 1051 Per
480 1013 570 1069 qnam
584 995 711 1052 servitus
725 995 837 1067 finitur,

408 1074 501 1132 Porta
515 1074 578 1132 coeli
592 1075 734 1152 aperitur,

447 1155 489 1213 Et
502 1155 624 1213 libertas
637 1156 777 1215 redditur.

407 1235 433 1294 Ο
448 1236 593 1295 castitatis
606 1235 712 1308 lilium,

405 1316 504 1375 Tuum
518 1337 635 1394 precare
649 1317 771 1389 Filium,

446 1398 507 1468 Qui
520 1397 598 1455 salus
612 1404 657 1457 est
669 1398 827 1457 humilium
840 1420 849 1472 3

404 1477 436 1536 N
437 1499 454 1536 e
468 1498 520 1536 nos
534 1498 588 1555 pro
604 1485 705 1538 nostro
718 1479 793 1538 vitio

404 1558 443 1616 In
457 1559 551 1618 flebili
560 1559 674 1636 judicio

444 1640 590 1717 Subjiciat
603 1640 787 1717 supplicio?

403 1721 461 1779 Sed
474 1740 528 1779 nos
541 1728 595 1779 tua
609 1729 710 1780 sancta
723 1741 808 1799 prece
834 1738 838 1773 ε

443 1801 595 1859 Mundans
607 1823 626 1860 a
638 1803 750 1877 peccati
763 1802 841 1876 foece,

403 1882 535 1941 Oollocet
548 1883 580 1940 in
594 1882 668 1940 lucis
682 1882 776 1943 domo.

442 1964 552 2036 Amen,
567 1963 646 2021 dicat
660 1964 865 2023 omnishomo.

112 2071 312 2147 an-wolioor.
356 2071 527 2147 Exsurgens
538 2070 644 2142 Maria,
654 2071 767 2145 requiro
777 2071 811 2129 in
821 2070 911 2130 Foris
923 2082 1003 2132 resta
1013 2074 1159 2146 Quattuor
1169 2076 1248 2137 Tem

60 2172 156 2226 porum
168 2155 320 2212 Adventus
333 2152 464 2211 Domini.

114 2235 304 2308 offertorium.

113 2315 281 2455 gfferentur
293 2316 357 2393 regi
369 2313 500 2392 virginea
512 2319 580 2391 post
592 2331 657 2371 eam
672 2334 679 2372 :
700 2313 844 2391 proximae
858 2315 922 2392 ejus
936 2316 1098 2375 offerentur
1110 2319 1174 2377 tibi

137 2417 292 2455 omorunro.

112 2477 198 2550 Juvn,
217 2484 320 2547 mater,
342 2482 373 2535 et
393 2475 500 2534 exaudi
520 2493 620 2534 servos
633 2475 718 2534 datos
732 2481 791 2534 ture
811 2475 911 2535 laudi:
933 2497 970 2535 ne
990 2479 1165 2539 damnemur
1177 2500 1244 2540 eum

60 2555 146 2632 impiis
159 2560 192 2616 in
205 2559 336 2616 adventu
346 2557 464 2634 judicis.

60 2633 88 2692 V.
113 2638 181 2696 Post
200 2646 321 2716 partum
341 2639 425 2715 virgo
445 2637 590 2695 inviolate
611 2638 798 2714 permansisti
807 2656 816 2710 3
843 2637 901 2697 Dei
924 2641 1070 2717 genetrix,
1095 2641 1242 2701 intercede

60 2733 105 2772 rm
116 2721 205 2778 nobis
248 2720 296 2778 Ne
310 2719 490 2777 damnemur.

538 2887 600 2943 Dm
621 2885 751 2943 disesia.

103 3011 246 3090 Episroln.
290 3010 366 3068 Cum
379 3028 506 3066 essernns
519 3006 646 3084 parvuli,
660 3027 754 3082 pecore
767 3006 801 3065 in
815 3005 1090 3068 Commemoratione
1104 3009 1239 3086 ojnodmr.

106 3093 240 3151 Grmlolo.
285 3090 427 3149 Dilexisti
436 3089 594 3164 justitiam.

102 3176 251 3249 Alleluya
303 3172 330 3231 V.
354 3173 520 3248 Assumptus
533 3176 578 3226 est
592 3169 696 3226 Maris.

99 3255 265 3332 Sequentia.

392 3335 457 3390 Are
472 3332 577 3404 Maria,
593 3330 689 3409 gratia
702 3329 790 3406 plena
799 3349 807 3401 ;

389 3413 537 3471 Dominus
551 3418 659 3484 tecum,
673 3412 757 3488 virgo
771 3430 880 3469 serena.

389 3495 552 3552 Benedicta
564 3498 599 3550 tu
613 3493 645 3550 in
659 3492 841 3563 mulieribus,

389 3576 462 3647 Quae
475 3573 616 3652 peperisti
629 3592 728 3650 pacem
743 3571 912 3630 hominibus

428 3657 470 3714 Et
483 3654 595 3730 angelis
608 3654 731 3731 gloriam
745 3674 751 3710 :

387 3737 429 3796 Et
441 3737 614 3795 benedictus
627 3736 740 3792 fructus
753 3734 867 3791 ventris
880 3736 934 3805 tui,

388 3818 446 3888 Qui
461 3814 624 3876 cohoeredes
637 3822 672 3872 ut
687 3835 813 3872 essemus
827 3816 882 3887 aui,

427 3900 491 3956 Nos
505 3899 575 3955 fecit
588 3917 640 3971 per
653 3896 786 3973 gratiam.

387 3980 445 4038 Per
458 3979 513 4037 hoc
526 3985 626 4036 nutem
641 3980 709 4034 Ave

386 4060 502 4119 Mundo
515 4066 578 4117 tam
591 4078 689 4127 suave,

425 4142 537 4202 Contra
550 4139 645 4198 earnis
655 4140 726 4213 jum

385 4222 523 4281 Genuisti
536 4221 657 4297 prolem,

384 4304 505 4362 Novum
518 4301 604 4359 stelle
617 4301 708 4358 solem

424 4386 512 4442 Novo.
524 4382 668 4461 genitum.

527 4496 540 4522 ⁸*
555 4492 746 4552 dim-perionis»

465 4573 487 4614 u
