2804 4920
431 337 478 400 Ia·
502 333 623 400 Natali
644 333 754 399 auius
776 331 926 398 Abbatis.
1214 335 1275 397 391

197 505 264 562 Has
276 523 431 562 numerose
444 521 617 580 percurrens
633 501 773 577 singulas,
787 501 943 578 permiscet
956 500 1081 578 singulis
1098 498 1280 558 diatessaron

277 585 449 643 mellifluam
469 583 634 652 melodiam,

197 667 294 738 Quam
307 667 429 743 generat
441 667 590 722 virtutum
604 670 700 720 mator
713 662 773 734 illa,
790 683 864 738 quae,
880 662 947 720 aliis
957 662 1095 720 decenter
1107 663 1277 738 composita,

276 747 375 806 reddit
394 765 515 804 suavem
529 744 735 822 symphoniam
750 764 756 811 ;

198 829 265 900 Qua
277 829 342 886 sine
355 837 462 885 cuneta

198 910 292 967 Fiunt
305 910 432 980 dissona,

197 990 323 1049 Necnon
337 997 369 1048 et
381 989 489 1046 frivola
500 1010 507 1059 ;

198 1072 346 1141 Quacum
359 1070 460 1128 omnia

198 1152 291 1210 Fiunt
310 1171 447 1220 consona,

197 1233 321 1291 Necnon
336 1233 445 1304 utilia,

198 1315 265 1384 Qua
280 1315 366 1390 justi,
382 1313 457 1370 bene
470 1311 586 1382 morati,
602 1312 660 1369 rite
674 1317 808 1386 petentes
821 1310 936 1368 excelsa
949 1309 1010 1386 poli
1024 1310 1126 1381 sidera,

196 1397 320 1453 Alacres
330 1395 491 1452 decantant
504 1413 582 1449 nova
595 1392 712 1449 cantica
725 1391 758 1448 in
771 1390 887 1448 eithara
899 1390 1035 1449 Threicia
1047 1413 1054 1448 :

198 1477 332 1548 Quorum
346 1482 466 1551 agentes
478 1474 562 1543 festa,
579 1472 726 1531 consortia
739 1491 906 1530 mereamur
919 1472 952 1529 in
966 1471 1074 1530 eaelosti
1086 1471 1186 1548 gloria.

134 1608 304 1665 Ssmmdrnu
317 1605 493 1663 Jlatuaema
506 1604 549 1677 (o.
568 1604 684 1680 13-19).

135 1688 173 1746 In
197 1688 250 1745 illo
270 1695 410 1764 tempore,
430 1686 520 1742 Dixit
541 1686 630 1743 Jesus
654 1683 806 1761 discipulis
829 1685 909 1753 suis;
938 1684 1002 1742 Vos
1024 1685 1095 1743 estis
1122 1684 1164 1743 sal
1191 1692 1277 1743 terrae

82 1790 165 1844 vassus
179 1769 221 1825 ad
240 1769 273 1826 in
287 1787 377 1844 regno
391 1767 537 1825 oaelorum.

136 1861 337 1936 Evanqeiium.

136 1944 169 2001 Si
182 1944 250 2020 quis
263 1943 347 2000 venit
360 1942 397 1999 ad
413 1961 468 2011 me,
483 1950 517 1998 ut
531 1961 622 2016 supra
638 1943 670 1999 ia
684 1940 843 2001 Communi
854 1940 947 1997 auius
960 1941 1106 2016 oaortyris.

136 2024 332 2099 (mortarium.

136 2105 259 2163 Veritas
271 2125 337 2162 mea
350 2111 381 2163 et
394 2103 594 2162 misericordia
608 2124 673 2161 mea
683 2123 751 2162 oum
765 2102 848 2178 ipso:
866 2109 897 2160 et
911 2102 942 2159 in
966 2102 1085 2161 nomine
1109 2122 1174 2160 meo
1187 2103 1279 2160 exalt

83 2186 176 2244 abitur
189 2206 282 2244 comu
297 2187 368 2262 ejus.

138 2279 329 2353 offertorium.

137 2360 277 2432 Posuisti,
292 2360 429 2431 Domine,
446 2360 476 2416 in
493 2359 589 2435 eapite
610 2359 674 2433 ojus
694 2377 832 2415 coronam
846 2358 883 2415 do
901 2357 999 2433 lapide
1018 2357 1164 2434 pretioso:
1185 2358 1279 2416 vitam

87 2442 164 2514 petiit
176 2464 195 2499 a
209 2450 250 2513 te,
265 2448 296 2499 et
310 2440 444 2498 tribuisti
459 2441 495 2511 ei,
510 2439 646 2514 alleluya.

137 2535 258 2593 secreta·

138 2616 266 2674 Munera
289 2615 354 2686 tibi,
378 2615 514 2681 Domine,
537 2613 637 2671 oblata
658 2614 826 2683 sanotiliea;
853 2613 1107 2671 et·intoreedonte
1129 2614 1216 2672 bauto
1238 2614 1278 2673 N.

88 2697 239 2754 mofessoro
253 2703 316 2768 tuo,
330 2696 497 2773 peneadem
512 2715 565 2751 nos
578 2695 711 2771 plaoatus
724 2694 854 2752 intende.
899 2693 964 2751 Per.

85 2945 91 2956 .
139 2788 320 2948 Dbngauyleib
333 2868 427 2946 gloria
445 2869 509 2945 ejus
529 2869 561 2924 in
582 2867 704 2925 salutari
724 2875 786 2938 tuo,
802 2868 927 2943 gloriam
941 2875 972 2925 et
985 2887 1125 2944 magnum
1145 2868 1279 2927 decorem

83 2963 209 3028 lmpones
222 2970 312 3028 super
325 2970 402 3019 eum,
418 2950 553 3007 Domine.

140 3042 322 3103 Communia.

140 3125 278 3196 Posuisti,
294 3124 431 3195 Domino,
447 3123 478 3180 in
493 3123 588 3198 capito
602 3124 665 3198 ejus
679 3142 816 3181 somnam
831 3123 867 3182 de
881 3123 978 3199 lapido
991 3123 1127 3200 pretioso.

141 3222 380 3281 Postomamuuio.
1120 3201 1125 3213 ⁰

141 3303 186 3362 Ut
203 3303 298 3375 nobis,
318 3301 455 3373 Domine,
476 3308 528 3358 tua
550 3300 692 3358 sacrificia
709 3300 782 3359 dent
802 3300 940 3373 salutem,
956 3303 1062 3360 beatus
1079 3302 1119 3362 N.
1136 3303 1283 3362 consessor

82 3383 159 3457 tuus,
172 3403 349 3463 quaesumus,
363 3390 498 3459 precator
511 3381 638 3439 accedat.
682 3381 740 3439 Per
753 3382 926 3440 Dominum.

446 3613 484 3670 Iu
505 3611 629 3669 Nasam
651 3627 744 3669 iuius
766 3613 910 3669 Asnaus.

144 3692 281 3768 Officium.

142 3773 180 3832 Os
194 3775 271 3852 justi
285 3773 480 3832 meditabitur
493 3774 688 3851 sapientiam:
710 3783 741 3831 et
755 3773 857 3851 lingua
873 3776 938 3849 ejus
959 3774 1097 3851 loquetur
1113 3775 1280 3850 judicium:

82 3841 133 3910 lex
145 3854 199 3913 Dei
212 3856 277 3932 ejus
290 3855 324 3913 in
338 3856 424 3913 eorde
437 3856 538 3932 ipsius,

143 3945 286 4007 Pudnaus.

143 4027 211 4087 Noli
224 4029 359 4088 aemulari
369 4029 401 4086 in
411 4030 661 4106 malignantibus:
678 4049 771 4104 noque
781 4030 920 4086 zelaveris
930 4028 1071 4087 facientes
1082 4029 1279 4107 iniquitatem.

144 4120 251 4181 Oratio.

144 4202 316 4263 Intercessio
330 4223 393 4276 nos,
405 4224 582 4281 quaesumus,
596 4204 734 4274 Domine,
751 4204 828 4261 lusti
843 4204 881 4260 N.
898 4204 1014 4261 abbatis
1028 4204 1074 4260 tui
1088 4205 1282 4273 commendet,

82 4284 122 4335 ¹st
133 4284 207 4359 quod
219 4285 330 4343 nostris
344 4286 459 4343 meritis
472 4306 532 4344 nou
546 4285 690 4357 valemus,
705 4287 768 4361 ejus
782 4285 946 4362 patrocinio
960 4303 1159 4361 assequamur.
1197 4286 1261 4344 Per.

144 4378 234 4437 meio
247 4377 317 4437 utri
329 4379 488 4455 Sapientior
500 4378 631 4454 (Eccita.
647 4380 744 4436 mia.
761 4380 839 4454 5-9).

145 4457 248 4519 Justus
261 4479 413 4518 uersuum
427 4481 517 4536 πετριε
531 4461 572 4518 ud
587 4460 619 4516 in
632 4461 859 4537 generationem.
