2806 4920
478 339 572 404 Dono.
594 339 662 404 noi
681 347 758 426 poet
781 338 994 404 Trinitatem.

616 555 717 614 Fssm
736 556 847 616 Ssxra

192 678 243 736 Ad
259 679 441 737 Timotheum
456 681 484 757 (l
501 680 538 739 oi.
552 679 646 759 7-16).

192 760 367 818 Carissimo:
389 760 476 817 Nihil
489 760 647 818 intulimus
660 761 693 818 in
705 760 785 818 huuc
799 759 944 817 mundum
957 779 1047 835 mque
1060 761 1102 817 od
1114 760 1164 817 cui
1177 767 1228 818 est
1240 760 1338 837 glorie

131 848 162 898 ot
175 841 271 898 honor
283 848 315 898 et
327 841 485 918 imperium
497 841 530 898 in
544 841 765 919 sempiternum.
808 843 916 898 Amen.

191 933 359 992 Secundum
373 933 547 992 Mottlroeom
560 934 647 1010 (soii
663 934 777 1010 2326).

191 1015 231 1072 In
241 1015 293 1073 illo
307 1024 446 1091 tempore,
462 1015 538 1073 Cum
552 1016 681 1093 uenisset
691 1014 717 1072 ·J
717 1034 784 1072 esus
797 1021 828 1071 et
841 1015 978 1091 discipuli
998 1017 1061 1092 ejus
1078 1015 1110 1072 in
1125 1015 1341 1092 Osphsrnaum

133 1115 222 1171 osqw
235 1098 277 1153 od
294 1096 386 1153 Illum
400 1115 528 1167 sumens,
543 1096 581 1152 da
594 1096 637 1153 eis
649 1115 704 1173 pro
718 1115 764 1153 me
778 1102 809 1152 et
821 1103 860 1153 te.

514 1309 675 1367 Dounucs
695 1309 822 1365 Dscrua
842 1307 951 1365 Saura

194 1406 336 1482 Officium.

192 1488 335 1546 Miserere
356 1490 438 1561 mihi,
455 1488 593 1560 Domine,
607 1489 748 1564 quonism
768 1487 807 1545 ad
828 1493 858 1545 te
879 1487 1005 1544 clamavi
1023 1493 1088 1544 tots
1105 1487 1173 1545 die:
1202 1489 1276 1565 quia
1296 1497 1340 1561 tu,

132 1570 268 1708 Epssmtp,
284 1572 384 1628 suavis
396 1590 430 1628 ac
444 1570 526 1628 mitis
539 1589 587 1628 es:
609 1578 641 1627 et
653 1570 788 1646 copiosus
801 1569 833 1625 in
844 1568 1043 1626 misericordia
1052 1569 1189 1626 omnibus
1200 1570 1343 1678 invocan-

192 1731 338 1791 Poolmue.
386 1764 390 1769 ·

192 1812 317 1883 Incline,
341 1813 479 1886 Domine,
503 1830 604 1870 aurem
629 1819 723 1884 tuom,
747 1820 778 1870 et
799 1812 906 1870 exaudi
930 1830 997 1869 me:
1027 1811 1168 1900 quoniam
1191 1812 1282 1890 inops
1310 1830 1343 1872 et

131 1912 243 1970 pauper
255 1914 320 1952 sum
335 1914 395 1971 ego.

194 1975 304 2035 Oratio.

192 2055 353 2114 Ecclesiam
366 2063 460 2124 tuam,
476 2056 613 2126 Domine,
628 2055 778 2113 miseratio
792 2054 966 2112 continuata
979 2053 1104 2111 mundet
1117 2074 1151 2113 sc
1165 2057 1296 2128 muniet,
1309 2072 1341 2116 et

130 2136 200 2273 inm
213 2138 277 2195 sine
291 2145 322 2195 te
335 2156 396 2194 non
409 2144 507 2213 potest
520 2137 601 2194 salva
619 2137 784 2206 consistere,
798 2144 851 2193 tuo
869 2155 983 2212 semper
1002 2155 1124 2194 munere
1143 2137 1339 2213 gubernetur.

157 2219 372 2275 erDominurn.

190 2310 240 2367 Ad
254 2311 393 2387 Ephesios
406 2310 467 2386 (iii
483 2310 596 2386 roal).

192 2391 329 2449 Fratres:
351 2392 478 2449 Obsecro
492 2410 553 2459 vos,
568 2411 606 2448 ne
622 2390 764 2448 deficiatis
777 2390 809 2447 in
828 2389 1072 2447 tribulationibus
1088 2390 1163 2447 nreis
1183 2411 1240 2466 pro
1252 2393 1341 2452 vobis

130 2492 220 2548 oreque
244 2475 285 2530 od
307 2473 468 2530 secundum
495 2473 638 2529 virtutem
662 2492 728 2548 quae
755 2478 895 2547 operatur
921 2471 953 2527 in
980 2470 1072 2537 nobis,
1097 2471 1155 2546 ipsi
1180 2472 1278 2548 glorie
1306 2475 1340 2532 in

131 2552 270 2625 Ecclesia,
290 2554 369 2612 etin
389 2554 506 2611 Christo
527 2553 600 2610 Jesu
625 2553 657 2609 in
679 2572 780 2609 omnes
803 2553 1007 2628 generationes
1028 2552 1128 2610 saeculi
1149 2554 1337 2613 soeculorum.

131 2637 239 2693 Amen.

193 2717 328 2775 Grodole.

190 2798 353 2857 Timebunt
379 2806 481 2876 gentes
508 2816 615 2854 nomen
644 2803 739 2866 tuum,
770 2796 917 2852 Domine:
949 2803 979 2853 et
1006 2815 1107 2853 omnes
1138 2816 1220 2872 reges
1248 2806 1340 2856 terr-n

130 2878 512 3029 ngontlliibriililirnlaedificovit
526 2959 673 3016 Dominus
687 2958 777 3015 Sion:
798 2964 828 3014 et
842 2957 994 3014 ridebitur
1006 2957 1039 3014 in
1053 2959 1208 3033 majestate
1222 2979 1287 3018 sua

190 3043 338 3118 Alleluya
400 3043 426 3099 l'.
460 3042 520 3111 Qui
547 3041 655 3097 timent
682 3040 844 3096 Dominum
864 3047 983 3114 sperent
1006 3040 1038 3095 in
1058 3059 1143 3096 eum:
1165 3040 1288 3116 adjutor
1308 3056 1340 3100 et

132 3129 279 3196 protector
292 3144 393 3181 eorum
408 3131 460 3180 est.

190 3214 346 3291 Sequentia
360 3216 454 3274 soracti
468 3214 629 3287 Eoorrpelii.
672 3212 839 3269 Secomlom
854 3211 967 3269 Leonum
979 3212 1046 3287 (vit
1060 3213 1175 3287 ll-lt).

191 3298 229 3355 In
244 3298 295 3354 illo
309 3305 448 3374 tempore,
465 3296 535 3353 Ibat
547 3296 568 3353 J
570 3315 636 3351 esus
650 3295 681 3350 in
701 3294 854 3351 cisitotem
869 3313 933 3370 quse
947 3302 1071 3350 vocatur
1085 3293 1176 3350 Naim
1192 3315 1285 3370 usque
1298 3298 1341 3354 nd

131 3381 245 3456 etquis
259 3380 340 3436 Deus
355 3379 490 3435 visitarit
505 3376 620 3453 plebem
634 3395 725 3432 sirum.

193 3472 386 3544 Offertorium.

192 3553 328 3621 Domine,
341 3552 372 3608 in
387 3552 532 3608 auxilium
547 3571 644 3608 rneum
661 3550 788 3626 respice:
807 3549 1027 3606 corifundantur
1037 3556 1066 3607 et
1080 3564 1277 3608 revereantur
1286 3554 1340 3630 qui

131 3641 268 3711 quierunt
281 3634 411 3690 animam
424 3653 528 3703 meam,
543 3641 579 3690 ut
592 3633 726 3689 auferunt
742 3652 814 3688 esur.

190 3727 311 3784 secreta.

190 3808 254 3865 Tua
285 3828 347 3878 nos,
376 3808 512 3879 Domino,
541 3827 716 3883 quaesumus,
739 3814 922 3862 saror-‹uneuto
953 3805 1141 3872 custodiant;
1168 3812 1200 3863 et
1231 3820 1339 3865 contra

128 3889 287 3947 diabolicos
301 3896 442 3945 tueantur
455 3909 569 3965 semper
583 3890 724 3946 incursus,
769 3887 826 3943 Per
840 3887 1012 3944 Dominum.

192 3983 374 4042 Communia

190 4065 325 4133 Domine,
341 4066 524 4123 memorabor
530 4064 656 4140 justitiae
671 4073 730 4120 tuae
745 4063 852 4119 solius:
876 4065 964 4134 Deus,
979 4062 1106 4119 docuisti
1125 4081 1171 4118 me
1190 4082 1209 4118 a
1228 4064 1337 4139 juren-

128 4154 194 4204 tutc
208 4168 291 4205 mea:
313 4155 343 4204 et
357 4167 449 4222 usque
463 4147 495 4202 in
509 4152 656 4203 senectam
670 4155 701 4201 et
714 4146 837 4205 senium.
855 4146 945 4214 Deus,
961 4164 998 4201 ne
1011 4142 1199 4219 derelinquas
1213 4162 1269 4201 me.

190 4240 433 4298 Poeteonomuoio,

190 4321 308 4379 Montes
342 4335 457 4378 nostrus
491 4326 523 4377 et
556 4339 675 4394 corpora
706 4319 861 4395 possideat,
889 4338 1066 4395 qrraesumus,
1096 4318 1234 4389 Domine,
1264 4317 1335 4376 doni

129 4401 252 4459 coelestis
272 4402 411 4478 operatio,
427 4409 462 4458 ut
483 4419 542 4457 non
564 4409 664 4456 noster
686 4421 787 4456 sensus
809 4402 840 4457 in
863 4402 956 4461 uobis.
972 4400 1022 4458 sed
1043 4399 1158 4476 jugiter
1177 4401 1242 4475 ejus
1263 4419 1337 4476 pree·

130 4483 231 4541 veniat
243 4484 371 4541 effectus.
415 4483 474 4540 Per
488 4482 650 4539 Dominum
665 4493 808 4541 nostrum.
