<?xml version="1.0" encoding="UTF-8"?>
<!DOCTYPE html PUBLIC "-//W3C//DTD XHTML 1.0 Transitional//EN"
    "http://www.w3.org/TR/xhtml1/DTD/xhtml1-transitional.dtd">
<html xmlns="http://www.w3.org/1999/xhtml" xml:lang="en" lang="en">
 <head>
  <title>
</title>
<meta http-equiv="Content-Type" content="text/html;charset=utf-8" />
  <meta name='ocr-system' content='tesseract 3.04.00' />
  <meta name='ocr-capabilities' content='ocr_page ocr_carea ocr_par ocr_line ocrx_word'/>
</head>
<body>
  <div class='ocr_page' id='page_1' title='image "./missaleadusumpe00churgoog_0429.png"; bbox 0 0 2804 4920; ppageno 0'>
   <div class='ocr_carea' id='block_1_1' title="bbox 121 315 979 401">
    <p class='ocr_par' dir='ltr' id='par_1_1' title="bbox 121 315 979 401">
     <span class='ocr_line' id='line_1_1' title="bbox 121 315 979 401; baseline 0 -20"><span class='ocrx_word' id='word_1_1' title='bbox 121 320 184 386; x_wconf 70' lang='lat'><strong>374</strong></span> <span class='ocrx_word' id='word_1_2' title='bbox 462 316 507 381; x_wconf 82' lang='lat' dir='ltr'><strong>la</strong></span> <span class='ocrx_word' id='word_1_3' title='bbox 530 317 652 383; x_wconf 81' lang='lat' dir='ltr'><strong>Notati</strong></span> <span class='ocrx_word' id='word_1_4' title='bbox 674 317 785 381; x_wconf 75' lang='lat' dir='ltr'><strong>unias</strong></span> <span class='ocrx_word' id='word_1_5' title='bbox 806 315 979 401; x_wconf 73' lang='lat' dir='ltr'><strong>Martyria</strong></span> 
     </span>
    </p>
   </div>
   <div class='ocr_carea' id='block_1_2' title="bbox 117 482 1306 884">
    <p class='ocr_par' dir='ltr' id='par_1_2' title="bbox 117 482 1306 884">
     <span class='ocr_line' id='line_1_2' title="bbox 177 482 1305 658; baseline -0.004 -35"><span class='ocrx_word' id='word_1_6' title='bbox 177 482 343 658; x_wconf 52' lang='lat' dir='ltr'><strong>‹Vriiltddizkirt</strong></span> <span class='ocrx_word' id='word_1_7' title='bbox 363 565 462 642; x_wconf 78' lang='lat' dir='ltr'><strong>palma</strong></span> <span class='ocrx_word' id='word_1_8' title='bbox 485 565 620 625; x_wconf 86' lang='lat' dir='ltr'><strong>florebit:</strong></span> <span class='ocrx_word' id='word_1_9' title='bbox 649 565 728 623; x_wconf 86' lang='lat' dir='ltr'><strong>siout</strong></span> <span class='ocrx_word' id='word_1_10' title='bbox 750 566 855 623; x_wconf 73' lang='lat' dir='ltr'><strong>calna</strong></span> <span class='ocrx_word' id='word_1_11' title='bbox 879 564 989 622; x_wconf 82' lang='lat' dir='ltr'><strong>Liboni</strong></span> <span class='ocrx_word' id='word_1_12' title='bbox 1015 562 1305 639; x_wconf 85' lang='lat' dir='ltr'><strong>multiplicabiturin</strong></span> 
     </span>
     <span class='ocr_line' id='line_1_3' title="bbox 118 645 1306 786; baseline -0.002 -3"><span class='ocrx_word' id='word_1_13' title='bbox 118 645 490 785; x_wconf 62' lang='lat' dir='ltr'><strong>dedniinuntiandum</strong></span> <span class='ocrx_word' id='word_1_14' title='bbox 513 748 600 786; x_wconf 83' lang='lat' dir='ltr'><strong>mane</strong></span> <span class='ocrx_word' id='word_1_15' title='bbox 621 727 852 785; x_wconf 82' lang='lat' dir='ltr'><strong>misericordiam</strong></span> <span class='ocrx_word' id='word_1_16' title='bbox 873 734 978 784; x_wconf 89' lang='lat' dir='ltr'><strong>tuam:</strong></span> <span class='ocrx_word' id='word_1_17' title='bbox 1002 736 1034 784; x_wconf 85' lang='lat' dir='ltr'><strong>et</strong></span> <span class='ocrx_word' id='word_1_18' title='bbox 1055 727 1215 784; x_wconf 79' lang='lat' dir='ltr'><strong>veritatem</strong></span> <span class='ocrx_word' id='word_1_19' title='bbox 1235 731 1306 782; x_wconf 85' lang='lat' dir='ltr'><strong>tuan</strong></span> 
     </span>
     <span class='ocr_line' id='line_1_4' title="bbox 117 815 305 884; baseline 0 -21"><span class='ocrx_word' id='word_1_20' title='bbox 117 826 169 884; x_wconf 89' lang='lat' dir='ltr'><strong>per</strong></span> <span class='ocrx_word' id='word_1_21' title='bbox 182 815 305 865; x_wconf 88' lang='lat' dir='ltr'><strong>noctem.</strong></span> 
     </span>
    </p>
   </div>
   <div class='ocr_carea' id='block_1_3' title="bbox 179 899 314 959">
    <p class='ocr_par' dir='ltr' id='par_1_3' title="bbox 179 899 314 959">
     <span class='ocr_line' id='line_1_5' title="bbox 179 899 314 959; baseline 0.015 -2"><span class='ocrx_word' id='word_1_22' title='bbox 179 899 314 959; x_wconf 74' lang='lat' dir='ltr'><strong>Gradale.</strong></span> 
     </span>
    </p>
   </div>
   <div class='ocr_carea' id='block_1_4' title="bbox 123 980 1305 1137">
    <p class='ocr_par' dir='ltr' id='par_1_4' title="bbox 123 980 1305 1137">
     <span class='ocr_line' id='line_1_6' title="bbox 175 980 1203 1059; baseline 0 -21"><span class='ocrx_word' id='word_1_23' title='bbox 175 980 197 1038; x_wconf 87' lang='lat' dir='ltr'>J</span> <span class='ocrx_word' id='word_1_24' title='bbox 199 987 283 1038; x_wconf 82' lang='lat' dir='ltr'><strong>ustus</strong></span> <span class='ocrx_word' id='word_1_25' title='bbox 297 1001 357 1038; x_wconf 89' lang='lat' dir='ltr'><strong>non</strong></span> <span class='ocrx_word' id='word_1_26' title='bbox 370 982 614 1043; x_wconf 79' lang='lat' dir='ltr'><strong>conturbabitur:</strong></span> <span class='ocrx_word' id='word_1_27' title='bbox 635 983 706 1059; x_wconf 89' lang='lat' dir='ltr'><strong>quia</strong></span> <span class='ocrx_word' id='word_1_28' title='bbox 720 983 869 1040; x_wconf 81' lang='lat' dir='ltr'>Dominus</span> <span class='ocrx_word' id='word_1_29' title='bbox 881 982 981 1039; x_wconf 85' lang='lat' dir='ltr'><strong>firmat</strong></span> <span class='ocrx_word' id='word_1_30' title='bbox 994 1000 1116 1038; x_wconf 88' lang='lat' dir='ltr'><strong>manum</strong></span> <span class='ocrx_word' id='word_1_31' title='bbox 1131 981 1203 1055; x_wconf 75' lang='lat' dir='ltr'><strong>ejua</strong></span> 
     </span>
     <span class='ocr_line' id='line_1_7' title="bbox 123 1060 1305 1137; baseline -0.002 -18"><span class='ocrx_word' id='word_1_32' title='bbox 123 1060 152 1119; x_wconf 92' lang='lat' dir='ltr'><strong>V.</strong></span> <span class='ocrx_word' id='word_1_33' title='bbox 179 1061 255 1119; x_wconf 86' lang='lat' dir='ltr'><strong>Tota</strong></span> <span class='ocrx_word' id='word_1_34' title='bbox 269 1063 317 1120; x_wconf 89' lang='lat' dir='ltr'><strong>die</strong></span> <span class='ocrx_word' id='word_1_35' title='bbox 330 1062 485 1121; x_wconf 81' lang='lat' dir='ltr'><strong>miseretur</strong></span> <span class='ocrx_word' id='word_1_36' title='bbox 498 1074 529 1121; x_wconf 81' lang='lat' dir='ltr'><strong>ct</strong></span> <span class='ocrx_word' id='word_1_37' title='bbox 542 1064 724 1121; x_wconf 86' lang='lat' dir='ltr'><strong>commodat:</strong></span> <span class='ocrx_word' id='word_1_38' title='bbox 747 1072 778 1120; x_wconf 82' lang='lat' dir='ltr'><strong>ot</strong></span> <span class='ocrx_word' id='word_1_39' title='bbox 791 1082 891 1120; x_wconf 89' lang='lat' dir='ltr'><strong>semen</strong></span> <span class='ocrx_word' id='word_1_40' title='bbox 905 1063 968 1137; x_wconf 83' lang='lat' dir='ltr'><strong>ejus</strong></span> <span class='ocrx_word' id='word_1_41' title='bbox 987 1062 1017 1119; x_wconf 90' lang='lat' dir='ltr'><strong>in</strong></span> <span class='ocrx_word' id='word_1_42' title='bbox 1032 1062 1238 1119; x_wconf 85' lang='lat' dir='ltr'><strong>benedictione</strong></span> <span class='ocrx_word' id='word_1_43' title='bbox 1250 1060 1305 1117; x_wconf 83' lang='lat' dir='ltr'><strong>erit</strong></span> 
     </span>
    </p>
   </div>
   <div class='ocr_carea' id='block_1_5' title="bbox 113 1158 1305 1540">
    <p class='ocr_par' dir='ltr' id='par_1_5' title="bbox 113 1158 1305 1540">
     <span class='ocr_line' id='line_1_8' title="bbox 175 1158 1305 1318; baseline -0.004 -20"><span class='ocrx_word' id='word_1_44' title='bbox 175 1158 312 1313; x_wconf 63' lang='lat' dir='ltr'><strong>ilbidldid,</strong></span> <span class='ocrx_word' id='word_1_45' title='bbox 334 1242 503 1318; x_wconf 64' lang='lat' dir='ltr'><strong>praevenisti</strong></span> <span class='ocrx_word' id='word_1_46' title='bbox 523 1262 592 1299; x_wconf 87' lang='lat' dir='ltr'><strong>eam</strong></span> <span class='ocrx_word' id='word_1_47' title='bbox 612 1243 644 1299; x_wconf 89' lang='lat' dir='ltr'><strong>in</strong></span> <span class='ocrx_word' id='word_1_48' title='bbox 664 1240 919 1300; x_wconf 79' lang='lat' dir='ltr'><strong>benedictionibus</strong></span> <span class='ocrx_word' id='word_1_49' title='bbox 936 1240 1120 1298; x_wconf 88' lang='lat' dir='ltr'><strong>dulcedinis:</strong></span> <span class='ocrx_word' id='word_1_50' title='bbox 1141 1239 1263 1317; x_wconf 76' lang='lat' dir='ltr'><strong>posuisti</strong></span> <span class='ocrx_word' id='word_1_51' title='bbox 1281 1239 1305 1294; x_wconf 86' lang='lat' dir='ltr'><strong>in</strong></span> 
     </span>
     <span class='ocr_line' id='line_1_9' title="bbox 114 1321 793 1400; baseline 0.006 -23"><span class='ocrx_word' id='word_1_52' title='bbox 114 1321 210 1397; x_wconf 83' lang='lat' dir='ltr'><strong>capite</strong></span> <span class='ocrx_word' id='word_1_53' title='bbox 223 1323 287 1396; x_wconf 82' lang='lat' dir='ltr'><strong>ejus</strong></span> <span class='ocrx_word' id='word_1_54' title='bbox 300 1342 437 1380; x_wconf 87' lang='lat' dir='ltr'><strong>coronam</strong></span> <span class='ocrx_word' id='word_1_55' title='bbox 452 1323 488 1380; x_wconf 87' lang='lat' dir='ltr'><strong>de</strong></span> <span class='ocrx_word' id='word_1_56' title='bbox 502 1323 599 1400; x_wconf 89' lang='lat' dir='ltr'><strong>lapide</strong></span> <span class='ocrx_word' id='word_1_57' title='bbox 614 1325 749 1398; x_wconf 82' lang='lat' dir='ltr'><strong>pretioso.</strong></span> <span class='ocrx_word' id='word_1_58' title='bbox 791 1358 793 1362; x_wconf 20' lang='grc' dir='ltr'><em>Α</em></span> 
     </span>
     <span class='ocr_line' id='line_1_10' title="bbox 113 1400 1304 1540; baseline -0.003 -81"><span class='ocrx_word' id='word_1_59' title='bbox 113 1400 282 1540; x_wconf 35' lang='lat' dir='ltr'><strong>deditam</strong></span> <span class='ocrx_word' id='word_1_60' title='bbox 296 1404 385 1481; x_wconf 84' lang='lat' dir='ltr'><strong>petiit</strong></span> <span class='ocrx_word' id='word_1_61' title='bbox 401 1425 419 1461; x_wconf 86' lang='lat' dir='ltr'><strong>a</strong></span> <span class='ocrx_word' id='word_1_62' title='bbox 438 1410 476 1475; x_wconf 85' lang='lat' dir='ltr'><strong>te,</strong></span> <span class='ocrx_word' id='word_1_63' title='bbox 491 1411 522 1461; x_wconf 88' lang='lat' dir='ltr'><strong>et</strong></span> <span class='ocrx_word' id='word_1_64' title='bbox 540 1404 674 1461; x_wconf 81' lang='lat' dir='ltr'><strong>tribuisti</strong></span> <span class='ocrx_word' id='word_1_65' title='bbox 691 1405 738 1462; x_wconf 80' lang='lat' dir='ltr'><strong>ci:</strong></span> <span class='ocrx_word' id='word_1_66' title='bbox 761 1403 976 1478; x_wconf 82' lang='lat' dir='ltr'><strong>longitudinem</strong></span> <span class='ocrx_word' id='word_1_67' title='bbox 991 1402 1108 1460; x_wconf 84' lang='lat' dir='ltr'><strong>dierum</strong></span> <span class='ocrx_word' id='word_1_68' title='bbox 1126 1402 1158 1458; x_wconf 92' lang='lat' dir='ltr'><strong>in</strong></span> <span class='ocrx_word' id='word_1_69' title='bbox 1178 1400 1304 1458; x_wconf 78' lang='lat' dir='ltr'><strong>saeculum</strong></span> 
     </span>
    </p>
   </div>
   <div class='ocr_carea' id='block_1_6' title="bbox 108 1575 1303 2867">
    <p class='ocr_par' dir='ltr' id='par_1_6' title="bbox 175 1575 996 1652">
     <span class='ocr_line' id='line_1_11' title="bbox 175 1575 996 1652; baseline -0.001 -19"><span class='ocrx_word' id='word_1_70' title='bbox 175 1575 308 1634; x_wconf 76' lang='lat' dir='ltr'><strong>Gradale.</strong></span> <span class='ocrx_word' id='word_1_71' title='bbox 352 1577 394 1635; x_wconf 88' lang='lat' dir='ltr'><strong>Os</strong></span> <span class='ocrx_word' id='word_1_72' title='bbox 403 1577 488 1652; x_wconf 84' lang='lat' dir='ltr'><strong>justi,</strong></span> <span class='ocrx_word' id='word_1_73' title='bbox 504 1588 538 1634; x_wconf 83' lang='lat' dir='ltr'><strong>at</strong></span> <span class='ocrx_word' id='word_1_74' title='bbox 552 1579 585 1634; x_wconf 84' lang='lat' dir='ltr'><strong>ia</strong></span> <span class='ocrx_word' id='word_1_75' title='bbox 600 1578 759 1636; x_wconf 76' lang='lat' dir='ltr'><strong>Uomrnuai</strong></span> <span class='ocrx_word' id='word_1_76' title='bbox 771 1578 864 1634; x_wconf 76' lang='lat' dir='ltr'><strong>maias</strong></span> <span class='ocrx_word' id='word_1_77' title='bbox 877 1576 996 1634; x_wconf 76' lang='lat' dir='ltr'><strong>addatis.</strong></span> 
     </span>
    </p>

    <p class='ocr_par' dir='ltr' id='par_1_7' title="bbox 113 1654 1303 1813">
     <span class='ocr_line' id='line_1_12' title="bbox 172 1654 1303 1736; baseline -0.004 -22"><span class='ocrx_word' id='word_1_78' title='bbox 172 1657 319 1734; x_wconf 82' lang='lat' dir='ltr'><strong>Alleluya</strong></span> <span class='ocrx_word' id='word_1_79' title='bbox 370 1658 396 1715; x_wconf 94' lang='lat' dir='ltr'><strong>V.</strong></span> <span class='ocrx_word' id='word_1_80' title='bbox 421 1658 559 1729; x_wconf 74' lang='lat' dir='ltr'><strong>Posuisti,</strong></span> <span class='ocrx_word' id='word_1_81' title='bbox 575 1659 712 1728; x_wconf 83' lang='lat' dir='ltr'><strong>Domine,</strong></span> <span class='ocrx_word' id='word_1_82' title='bbox 727 1678 815 1736; x_wconf 86' lang='lat' dir='ltr'><strong>sapor</strong></span> <span class='ocrx_word' id='word_1_83' title='bbox 827 1665 917 1734; x_wconf 85' lang='lat' dir='ltr'><strong>caput</strong></span> <span class='ocrx_word' id='word_1_84' title='bbox 930 1658 994 1732; x_wconf 89' lang='lat' dir='ltr'><strong>ejas</strong></span> <span class='ocrx_word' id='word_1_85' title='bbox 1010 1676 1149 1714; x_wconf 81' lang='lat' dir='ltr'><strong>coronam</strong></span> <span class='ocrx_word' id='word_1_86' title='bbox 1164 1656 1201 1714; x_wconf 89' lang='lat' dir='ltr'><strong>de</strong></span> <span class='ocrx_word' id='word_1_87' title='bbox 1220 1654 1303 1731; x_wconf 80' lang='lat' dir='ltr'><strong>lapide</strong></span> 
     </span>
     <span class='ocr_line' id='line_1_13' title="bbox 113 1738 249 1813; baseline 0 -19"><span class='ocrx_word' id='word_1_88' title='bbox 113 1738 249 1813; x_wconf 83' lang='lat' dir='ltr'><strong>pretioso.</strong></span> 
     </span>
    </p>

    <p class='ocr_par' dir='ltr' id='par_1_8' title="bbox 109 1818 1302 1958">
     <span class='ocr_line' id='line_1_14' title="bbox 171 1818 1302 1896; baseline -0.002 -21"><span class='ocrx_word' id='word_1_89' title='bbox 171 1818 321 1895; x_wconf 82' lang='lat' dir='ltr'><strong>Alleluya.</strong></span> <span class='ocrx_word' id='word_1_90' title='bbox 371 1818 400 1877; x_wconf 95' lang='lat' dir='ltr'><strong>V.</strong></span> <span class='ocrx_word' id='word_1_91' title='bbox 432 1820 598 1891; x_wconf 75' lang='lat' dir='ltr'><strong>Laetabitur</strong></span> <span class='ocrx_word' id='word_1_92' title='bbox 616 1821 715 1896; x_wconf 80' lang='lat' dir='ltr'><strong>justus</strong></span> <span class='ocrx_word' id='word_1_93' title='bbox 738 1821 769 1877; x_wconf 89' lang='lat' dir='ltr'><strong>in</strong></span> <span class='ocrx_word' id='word_1_94' title='bbox 795 1820 931 1887; x_wconf 88' lang='lat' dir='ltr'><strong>Domino,</strong></span> <span class='ocrx_word' id='word_1_95' title='bbox 947 1826 978 1876; x_wconf 83' lang='lat' dir='ltr'><strong>ct</strong></span> <span class='ocrx_word' id='word_1_96' title='bbox 999 1819 1132 1895; x_wconf 79' lang='lat' dir='ltr'><strong>sperabit</strong></span> <span class='ocrx_word' id='word_1_97' title='bbox 1154 1819 1187 1875; x_wconf 93' lang='lat' dir='ltr'><strong>in</strong></span> <span class='ocrx_word' id='word_1_98' title='bbox 1208 1838 1256 1874; x_wconf 86' lang='lat' dir='ltr'><strong>eo:</strong></span> <span class='ocrx_word' id='word_1_99' title='bbox 1277 1823 1302 1872; x_wconf 86' lang='lat' dir='ltr'><strong>ct</strong></span> 
     </span>
     <span class='ocr_line' id='line_1_15' title="bbox 109 1897 617 1958; baseline 0.006 -3"><span class='ocrx_word' id='word_1_100' title='bbox 109 1897 311 1958; x_wconf 81' lang='lat' dir='ltr'><strong>laudabuntur</strong></span> <span class='ocrx_word' id='word_1_101' title='bbox 323 1919 423 1958; x_wconf 89' lang='lat' dir='ltr'><strong>omnes</strong></span> <span class='ocrx_word' id='word_1_102' title='bbox 437 1902 510 1958; x_wconf 88' lang='lat' dir='ltr'><strong>recti</strong></span> <span class='ocrx_word' id='word_1_103' title='bbox 523 1901 617 1958; x_wconf 83' lang='lat' dir='ltr'><strong>corde.</strong></span> 
     </span>
    </p>

    <p class='ocr_par' dir='ltr' id='par_1_9' title="bbox 109 1979 1297 2138">
     <span class='ocr_line' id='line_1_16' title="bbox 170 1979 1297 2057; baseline -0.002 -20"><span class='ocrx_word' id='word_1_104' title='bbox 170 1980 317 2057; x_wconf 83' lang='lat' dir='ltr'><strong>Alleluya.</strong></span> <span class='ocrx_word' id='word_1_105' title='bbox 368 1981 396 2039; x_wconf 86' lang='lat' dir='ltr'><strong>V.</strong></span> <span class='ocrx_word' id='word_1_106' title='bbox 429 1982 490 2039; x_wconf 82' lang='lat' dir='ltr'><strong>Istc</strong></span> <span class='ocrx_word' id='word_1_107' title='bbox 514 1990 633 2039; x_wconf 88' lang='lat' dir='ltr'><strong>sanctus</strong></span> <span class='ocrx_word' id='word_1_108' title='bbox 656 1982 745 2057; x_wconf 86' lang='lat' dir='ltr'><strong>digne</strong></span> <span class='ocrx_word' id='word_1_109' title='bbox 768 1982 801 2041; x_wconf 86' lang='lat' dir='ltr'><strong>in</strong></span> <span class='ocrx_word' id='word_1_110' title='bbox 829 1981 971 2039; x_wconf 87' lang='lat' dir='ltr'><strong>memoria</strong></span> <span class='ocrx_word' id='word_1_111' title='bbox 995 1980 1127 2039; x_wconf 76' lang='lat' dir='ltr'><strong>vertitur</strong></span> <span class='ocrx_word' id='word_1_112' title='bbox 1149 1979 1297 2047; x_wconf 81' lang='lat' dir='ltr'><strong>hominum,</strong></span> 
     </span>
     <span class='ocr_line' id='line_1_17' title="bbox 109 2061 696 2138; baseline 0.002 -21"><span class='ocrx_word' id='word_1_113' title='bbox 109 2061 161 2137; x_wconf 91' lang='lat' dir='ltr'><strong>qui</strong></span> <span class='ocrx_word' id='word_1_114' title='bbox 175 2061 213 2118; x_wconf 89' lang='lat' dir='ltr'><strong>ad</strong></span> <span class='ocrx_word' id='word_1_115' title='bbox 226 2062 366 2137; x_wconf 77' lang='lat' dir='ltr'><strong>gaudium</strong></span> <span class='ocrx_word' id='word_1_116' title='bbox 381 2063 504 2119; x_wconf 73' lang='lat' dir='ltr'><strong>transiit</strong></span> <span class='ocrx_word' id='word_1_117' title='bbox 516 2063 696 2138; x_wconf 86' lang='lat' dir='ltr'><strong>angelorum.</strong></span> 
     </span>
    </p>

    <p class='ocr_par' dir='ltr' id='par_1_10' title="bbox 108 2140 1297 2282">
     <span class='ocr_line' id='line_1_18' title="bbox 169 2140 1297 2220; baseline -0.002 -21"><span class='ocrx_word' id='word_1_118' title='bbox 169 2142 319 2219; x_wconf 83' lang='lat' dir='ltr'><strong>Allolnya.</strong></span> <span class='ocrx_word' id='word_1_119' title='bbox 370 2143 397 2200; x_wconf 85' lang='lat' dir='ltr'><strong>V.</strong></span> <span class='ocrx_word' id='word_1_120' title='bbox 420 2144 441 2202; x_wconf 85' lang='lat' dir='ltr'><strong>J</strong></span> <span class='ocrx_word' id='word_1_121' title='bbox 445 2152 528 2201; x_wconf 86' lang='lat' dir='ltr'><strong>ustus</strong></span> <span class='ocrx_word' id='word_1_122' title='bbox 542 2151 577 2200; x_wconf 91' lang='lat' dir='ltr'><strong>ut</strong></span> <span class='ocrx_word' id='word_1_123' title='bbox 594 2145 692 2220; x_wconf 85' lang='lat' dir='ltr'><strong>palma</strong></span> <span class='ocrx_word' id='word_1_124' title='bbox 708 2144 843 2200; x_wconf 83' lang='lat' dir='ltr'><strong>florebit:</strong></span> <span class='ocrx_word' id='word_1_125' title='bbox 864 2149 896 2200; x_wconf 87' lang='lat' dir='ltr'><strong>et</strong></span> <span class='ocrx_word' id='word_1_126' title='bbox 915 2144 993 2199; x_wconf 79' lang='lat' dir='ltr'><strong>sieut</strong></span> <span class='ocrx_word' id='word_1_127' title='bbox 1013 2142 1119 2199; x_wconf 82' lang='lat' dir='ltr'><strong>cedrus</strong></span> <span class='ocrx_word' id='word_1_128' title='bbox 1139 2140 1297 2217; x_wconf 74' lang='lat' dir='ltr'><strong>multiplie-</strong></span> 
     </span>
     <span class='ocr_line' id='line_1_19' title="bbox 108 2221 201 2282; baseline 0.022 -2"><span class='ocrx_word' id='word_1_129' title='bbox 108 2221 201 2282; x_wconf 91' lang='lat' dir='ltr'><strong>bitur.</strong></span> 
     </span>
    </p>

    <p class='ocr_par' dir='ltr' id='par_1_11' title="bbox 109 2302 1292 2459">
     <span class='ocr_line' id='line_1_20' title="bbox 168 2302 1292 2381; baseline -0.005 -21"><span class='ocrx_word' id='word_1_130' title='bbox 168 2303 317 2379; x_wconf 83' lang='lat' dir='ltr'><strong>Allelaya</strong></span> <span class='ocrx_word' id='word_1_131' title='bbox 368 2304 397 2361; x_wconf 93' lang='lat' dir='ltr'><strong>V.</strong></span> <span class='ocrx_word' id='word_1_132' title='bbox 429 2305 538 2363; x_wconf 82' lang='lat' dir='ltr'><strong>Justus</strong></span> <span class='ocrx_word' id='word_1_133' title='bbox 572 2325 631 2362; x_wconf 88' lang='lat' dir='ltr'><strong>non</strong></span> <span class='ocrx_word' id='word_1_134' title='bbox 666 2305 903 2375; x_wconf 86' lang='lat' dir='ltr'><strong>conturbabitur,</strong></span> <span class='ocrx_word' id='word_1_135' title='bbox 933 2304 1004 2381; x_wconf 90' lang='lat' dir='ltr'><strong>quia</strong></span> <span class='ocrx_word' id='word_1_136' title='bbox 1039 2303 1188 2362; x_wconf 78' lang='lat' dir='ltr'><strong>Dominus</strong></span> <span class='ocrx_word' id='word_1_137' title='bbox 1214 2302 1292 2359; x_wconf 77' lang='lat' dir='ltr'><strong>unna</strong></span> 
     </span>
     <span class='ocr_line' id='line_1_21' title="bbox 109 2386 315 2459; baseline 0.015 -20"><span class='ocrx_word' id='word_1_138' title='bbox 109 2403 229 2441; x_wconf 89' lang='lat' dir='ltr'><strong>manum</strong></span> <span class='ocrx_word' id='word_1_139' title='bbox 244 2386 315 2459; x_wconf 86' lang='lat' dir='ltr'><strong>ejus.</strong></span> 
     </span>
    </p>

    <p class='ocr_par' dir='ltr' id='par_1_12' title="bbox 169 2465 1101 2542">
     <span class='ocr_line' id='line_1_22' title="bbox 169 2465 1101 2542; baseline 0.001 -21"><span class='ocrx_word' id='word_1_140' title='bbox 169 2465 318 2542; x_wconf 82' lang='lat' dir='ltr'><strong>Alleluya.</strong></span> <span class='ocrx_word' id='word_1_141' title='bbox 370 2465 398 2523; x_wconf 92' lang='lat' dir='ltr'><strong>V.</strong></span> <span class='ocrx_word' id='word_1_142' title='bbox 422 2467 525 2525; x_wconf 88' lang='lat' dir='ltr'><strong>Gloria</strong></span> <span class='ocrx_word' id='word_1_143' title='bbox 538 2475 568 2524; x_wconf 83' lang='lat' dir='ltr'><strong>et</strong></span> <span class='ocrx_word' id='word_1_144' title='bbox 583 2467 693 2525; x_wconf 84' lang='lat' dir='ltr'><strong>honore</strong></span> <span class='ocrx_word' id='word_1_145' title='bbox 707 2466 856 2524; x_wconf 78' lang='lat' dir='ltr'><strong>coronasti</strong></span> <span class='ocrx_word' id='word_1_146' title='bbox 869 2485 946 2534; x_wconf 75' lang='lat' dir='ltr'><strong>erim,</strong></span> <span class='ocrx_word' id='word_1_147' title='bbox 962 2466 1101 2523; x_wconf 84' lang='lat' dir='ltr'><strong>Domine.</strong></span> 
     </span>
    </p>

    <p class='ocr_par' dir='ltr' id='par_1_13' title="bbox 109 2541 1289 2702">
     <span class='ocr_line' id='line_1_23' title="bbox 169 2541 1289 2625; baseline -0.006 -23"><span class='ocrx_word' id='word_1_148' title='bbox 169 2546 317 2621; x_wconf 85' lang='lat' dir='ltr'><strong>Alleluya.</strong></span> <span class='ocrx_word' id='word_1_149' title='bbox 368 2548 395 2604; x_wconf 88' lang='lat' dir='ltr'><strong>V.</strong></span> <span class='ocrx_word' id='word_1_150' title='bbox 427 2549 538 2605; x_wconf 82' lang='lat' dir='ltr'><strong>Beatus</strong></span> <span class='ocrx_word' id='word_1_151' title='bbox 557 2549 611 2618; x_wconf 85' lang='lat' dir='ltr'><strong>vir,</strong></span> <span class='ocrx_word' id='word_1_152' title='bbox 634 2549 686 2625; x_wconf 91' lang='lat' dir='ltr'><strong>qui</strong></span> <span class='ocrx_word' id='word_1_153' title='bbox 704 2549 792 2606; x_wconf 88' lang='lat' dir='ltr'><strong>timet</strong></span> <span class='ocrx_word' id='word_1_154' title='bbox 816 2548 996 2605; x_wconf 87' lang='lat' dir='ltr'><strong>Dominum:</strong></span> <span class='ocrx_word' id='word_1_155' title='bbox 1027 2548 1058 2602; x_wconf 90' lang='lat' dir='ltr'><strong>in</strong></span> <span class='ocrx_word' id='word_1_156' title='bbox 1082 2545 1225 2604; x_wconf 77' lang='lat' dir='ltr'><strong>mandatis</strong></span> <span class='ocrx_word' id='word_1_157' title='bbox 1241 2541 1289 2617; x_wconf 84' lang='lat' dir='ltr'><strong>ejus</strong></span> 
     </span>
     <span class='ocr_line' id='line_1_24' title="bbox 109 2628 302 2702; baseline 0.01 -20"><span class='ocrx_word' id='word_1_158' title='bbox 109 2628 192 2702; x_wconf 85' lang='lat' dir='ltr'><strong>cupit</strong></span> <span class='ocrx_word' id='word_1_159' title='bbox 206 2628 302 2684; x_wconf 79' lang='lat' dir='ltr'><strong>nimis.</strong></span> 
     </span>
    </p>

    <p class='ocr_par' dir='ltr' id='par_1_14' title="bbox 108 2709 1283 2867">
     <span class='ocr_line' id='line_1_25' title="bbox 167 2709 1283 2786; baseline -0.004 -22"><span class='ocrx_word' id='word_1_160' title='bbox 167 2709 315 2783; x_wconf 84' lang='lat' dir='ltr'><strong>Alleluya.</strong></span> <span class='ocrx_word' id='word_1_161' title='bbox 368 2711 394 2767; x_wconf 86' lang='lat' dir='ltr'><strong>l&#39;.</strong></span> <span class='ocrx_word' id='word_1_162' title='bbox 421 2711 531 2767; x_wconf 81' lang='lat' dir='ltr'><strong>Beatus</strong></span> <span class='ocrx_word' id='word_1_163' title='bbox 552 2711 606 2780; x_wconf 85' lang='lat' dir='ltr'><strong>vir,</strong></span> <span class='ocrx_word' id='word_1_164' title='bbox 630 2711 682 2786; x_wconf 86' lang='lat' dir='ltr'><strong>qui</strong></span> <span class='ocrx_word' id='word_1_165' title='bbox 705 2711 809 2766; x_wconf 85' lang='lat' dir='ltr'><strong>suffert</strong></span> <span class='ocrx_word' id='word_1_166' title='bbox 834 2710 1053 2766; x_wconf 70' lang='lat' dir='ltr'><strong>tentationum:</strong></span> <span class='ocrx_word' id='word_1_167' title='bbox 1082 2709 1217 2783; x_wconf 61' lang='lat' dir='ltr'><strong>«aronam</strong></span> <span class='ocrx_word' id='word_1_168' title='bbox 1235 2722 1283 2760; x_wconf 83' lang='lat' dir='ltr'><strong>cum</strong></span> 
     </span>
     <span class='ocr_line' id='line_1_26' title="bbox 108 2791 740 2867; baseline 0.006 -24"><span class='ocrx_word' id='word_1_169' title='bbox 108 2791 249 2864; x_wconf 81' lang='lat' dir='ltr'><strong>probatus</strong></span> <span class='ocrx_word' id='word_1_170' title='bbox 262 2791 363 2852; x_wconf 82' lang='lat' dir='ltr'><strong>fuerit.</strong></span> <span class='ocrx_word' id='word_1_171' title='bbox 378 2792 502 2867; x_wconf 72' lang='lat' dir='ltr'><strong>accipiet</strong></span> <span class='ocrx_word' id='word_1_172' title='bbox 516 2812 651 2847; x_wconf 85' lang='lat' dir='ltr'><strong>coronam</strong></span> <span class='ocrx_word' id='word_1_173' title='bbox 663 2792 740 2847; x_wconf 68' lang='lat' dir='ltr'><strong>rita.</strong></span> 
     </span>
    </p>
   </div>
   <div class='ocr_carea' id='block_1_7' title="bbox 107 2883 1281 3284">
    <p class='ocr_par' dir='ltr' id='par_1_15' title="bbox 173 2883 300 2940">
     <span class='ocr_line' id='line_1_27' title="bbox 173 2883 300 2940; baseline 0.024 -3"><span class='ocrx_word' id='word_1_174' title='bbox 173 2883 300 2940; x_wconf 77' lang='lat' dir='ltr'><strong>Tractus.</strong></span> 
     </span>
    </p>

    <p class='ocr_par' dir='ltr' id='par_1_16' title="bbox 107 2962 1281 3284">
     <span class='ocr_line' id='line_1_28' title="bbox 167 2962 1281 3040; baseline -0.002 -21"><span class='ocrx_word' id='word_1_175' title='bbox 167 2962 353 3020; x_wconf 83' lang='lat' dir='ltr'><strong>Desidcrium</strong></span> <span class='ocrx_word' id='word_1_176' title='bbox 368 2966 474 3022; x_wconf 83' lang='lat' dir='ltr'><strong>animae</strong></span> <span class='ocrx_word' id='word_1_177' title='bbox 489 2966 552 3040; x_wconf 82' lang='lat' dir='ltr'><strong>ejas</strong></span> <span class='ocrx_word' id='word_1_178' title='bbox 569 2966 701 3021; x_wconf 80' lang='lat' dir='ltr'><strong>tribuisti</strong></span> <span class='ocrx_word' id='word_1_179' title='bbox 716 2966 762 3023; x_wconf 85' lang='lat' dir='ltr'><strong>oi:</strong></span> <span class='ocrx_word' id='word_1_180' title='bbox 784 2973 815 3021; x_wconf 83' lang='lat' dir='ltr'><strong>et·</strong></span> <span class='ocrx_word' id='word_1_181' title='bbox 830 2965 982 3022; x_wconf 82' lang='lat' dir='ltr'><strong>voluntate</strong></span> <span class='ocrx_word' id='word_1_182' title='bbox 1004 2964 1146 3020; x_wconf 83' lang='lat' dir='ltr'><strong>labiorum</strong></span> <span class='ocrx_word' id='word_1_183' title='bbox 1169 2964 1224 3037; x_wconf 71' lang='lat' dir='ltr'><strong>ejas</strong></span> <span class='ocrx_word' id='word_1_184' title='bbox 1239 2974 1281 3013; x_wconf 77' lang='lat' dir='ltr'>110ss</span> 
     </span>
     <span class='ocr_line' id='line_1_29' title="bbox 107 3044 340 3101; baseline 0.009 -2"><span class='ocrx_word' id='word_1_185' title='bbox 107 3044 250 3100; x_wconf 74' lang='lat' dir='ltr'><strong>fraudasti</strong></span> <span class='ocrx_word' id='word_1_186' title='bbox 266 3066 340 3101; x_wconf 80' lang='lat' dir='ltr'><strong>euru.</strong></span> 
     </span>
     <span class='ocr_line' id='line_1_30' title="bbox 114 3125 1036 3201; baseline 0.002 -21"><span class='ocrx_word' id='word_1_187' title='bbox 114 3125 139 3182; x_wconf 92' lang='lat' dir='ltr'><strong>V.</strong></span> <span class='ocrx_word' id='word_1_188' title='bbox 169 3125 314 3193; x_wconf 80' lang='lat' dir='ltr'><strong>Quoniam</strong></span> <span class='ocrx_word' id='word_1_189' title='bbox 329 3127 500 3201; x_wconf 70' lang='lat' dir='ltr'><strong>praevenisti</strong></span> <span class='ocrx_word' id='word_1_190' title='bbox 515 3147 581 3183; x_wconf 80' lang='lat' dir='ltr'><strong>eam</strong></span> <span class='ocrx_word' id='word_1_191' title='bbox 598 3128 628 3182; x_wconf 89' lang='lat' dir='ltr'><strong>in</strong></span> <span class='ocrx_word' id='word_1_192' title='bbox 645 3127 849 3183; x_wconf 76' lang='lat' dir='ltr'><strong>benedictione</strong></span> <span class='ocrx_word' id='word_1_193' title='bbox 863 3126 1036 3182; x_wconf 75' lang='lat' dir='ltr'><strong>dulccdinis,</strong></span> 
     </span>
     <span class='ocr_line' id='line_1_31' title="bbox 115 3206 1044 3284; baseline 0.006 -23"><span class='ocrx_word' id='word_1_194' title='bbox 115 3206 140 3261; x_wconf 84' lang='lat' dir='ltr'><strong>V.</strong></span> <span class='ocrx_word' id='word_1_195' title='bbox 168 3206 297 3263; x_wconf 83' lang='lat' dir='ltr'><strong>Posuisti</strong></span> <span class='ocrx_word' id='word_1_196' title='bbox 312 3228 401 3282; x_wconf 81' lang='lat' dir='ltr'><strong>super</strong></span> <span class='ocrx_word' id='word_1_197' title='bbox 414 3215 503 3283; x_wconf 83' lang='lat' dir='ltr'><strong>caput</strong></span> <span class='ocrx_word' id='word_1_198' title='bbox 517 3210 581 3284; x_wconf 75' lang='lat' dir='ltr'><strong>r=jus</strong></span> <span class='ocrx_word' id='word_1_199' title='bbox 595 3228 733 3264; x_wconf 76' lang='lat' dir='ltr'><strong>coremam</strong></span> <span class='ocrx_word' id='word_1_200' title='bbox 747 3209 783 3263; x_wconf 84' lang='lat' dir='ltr'><strong>da</strong></span> <span class='ocrx_word' id='word_1_201' title='bbox 797 3208 894 3282; x_wconf 80' lang='lat' dir='ltr'><strong>lapids</strong></span> <span class='ocrx_word' id='word_1_202' title='bbox 909 3207 1044 3282; x_wconf 77' lang='lat' dir='ltr'><strong>pretioso.</strong></span> 
     </span>
    </p>
   </div>
   <div class='ocr_carea' id='block_1_8' title="bbox 105 3299 1277 3680">
    <p class='ocr_par' dir='ltr' id='par_1_17' title="bbox 169 3299 299 3357">
     <span class='ocr_line' id='line_1_32' title="bbox 169 3299 299 3357; baseline 0.023 -3"><span class='ocrx_word' id='word_1_203' title='bbox 169 3299 299 3357; x_wconf 75' lang='lat' dir='ltr'><strong>Tractus,</strong></span> 
     </span>
    </p>

    <p class='ocr_par' dir='ltr' id='par_1_18' title="bbox 105 3379 1277 3680">
     <span class='ocr_line' id='line_1_33' title="bbox 167 3379 1203 3455; baseline 0 -21"><span class='ocrx_word' id='word_1_204' title='bbox 167 3380 277 3435; x_wconf 82' lang='lat' dir='ltr'><strong>Beatus</strong></span> <span class='ocrx_word' id='word_1_205' title='bbox 292 3380 347 3449; x_wconf 88' lang='lat' dir='ltr'><strong>vir,</strong></span> <span class='ocrx_word' id='word_1_206' title='bbox 363 3382 414 3455; x_wconf 88' lang='lat' dir='ltr'><strong>qui</strong></span> <span class='ocrx_word' id='word_1_207' title='bbox 429 3382 515 3437; x_wconf 89' lang='lat' dir='ltr'><strong>timet</strong></span> <span class='ocrx_word' id='word_1_208' title='bbox 531 3382 709 3437; x_wconf 85' lang='lat' dir='ltr'><strong>Dominum:</strong></span> <span class='ocrx_word' id='word_1_209' title='bbox 731 3382 760 3436; x_wconf 88' lang='lat' dir='ltr'><strong>in</strong></span> <span class='ocrx_word' id='word_1_210' title='bbox 777 3381 923 3436; x_wconf 79' lang='lat' dir='ltr'><strong>mandatis</strong></span> <span class='ocrx_word' id='word_1_211' title='bbox 939 3381 1002 3455; x_wconf 80' lang='lat' dir='ltr'><strong>rjus</strong></span> <span class='ocrx_word' id='word_1_212' title='bbox 1016 3381 1099 3455; x_wconf 81' lang='lat' dir='ltr'><strong>cupit</strong></span> <span class='ocrx_word' id='word_1_213' title='bbox 1113 3379 1203 3435; x_wconf 82' lang='lat' dir='ltr'><strong>nimis.</strong></span> 
     </span>
     <span class='ocr_line' id='line_1_34' title="bbox 114 3459 1229 3535; baseline -0.004 -21"><span class='ocrx_word' id='word_1_214' title='bbox 114 3459 139 3515; x_wconf 86' lang='lat' dir='ltr'><strong>V.</strong></span> <span class='ocrx_word' id='word_1_215' title='bbox 167 3459 278 3516; x_wconf 80' lang='lat' dir='ltr'><strong>Potens</strong></span> <span class='ocrx_word' id='word_1_216' title='bbox 292 3461 323 3515; x_wconf 92' lang='lat' dir='ltr'><strong>in</strong></span> <span class='ocrx_word' id='word_1_217' title='bbox 339 3468 418 3518; x_wconf 80' lang='lat' dir='ltr'><strong>terra</strong></span> <span class='ocrx_word' id='word_1_218' title='bbox 432 3462 489 3518; x_wconf 85' lang='lat' dir='ltr'><strong>erit</strong></span> <span class='ocrx_word' id='word_1_219' title='bbox 503 3483 602 3518; x_wconf 80' lang='lat' dir='ltr'><strong>semen</strong></span> <span class='ocrx_word' id='word_1_220' title='bbox 617 3464 695 3535; x_wconf 64' lang='lat' dir='ltr'><strong>rjus:</strong></span> <span class='ocrx_word' id='word_1_221' title='bbox 719 3462 870 3535; x_wconf 73' lang='lat' dir='ltr'><strong>generatio</strong></span> <span class='ocrx_word' id='word_1_222' title='bbox 884 3469 1031 3517; x_wconf 79' lang='lat' dir='ltr'><strong>rectorum</strong></span> <span class='ocrx_word' id='word_1_223' title='bbox 1048 3462 1229 3518; x_wconf 85' lang='lat' dir='ltr'><strong>benedicetur.</strong></span> 
     </span>
     <span class='ocr_line' id='line_1_35' title="bbox 112 3534 1277 3616; baseline -0.004 -17"><span class='ocrx_word' id='word_1_224' title='bbox 112 3539 140 3599; x_wconf 86' lang='lat' dir='ltr'><strong>V.</strong></span> <span class='ocrx_word' id='word_1_225' title='bbox 169 3541 272 3597; x_wconf 82' lang='lat' dir='ltr'><strong>Gloria</strong></span> <span class='ocrx_word' id='word_1_226' title='bbox 289 3542 447 3599; x_wconf 67' lang='lat' dir='ltr'><strong>etrlivitia·</strong></span> <span class='ocrx_word' id='word_1_227' title='bbox 465 3544 495 3599; x_wconf 91' lang='lat' dir='ltr'><strong>in</strong></span> <span class='ocrx_word' id='word_1_228' title='bbox 515 3544 602 3599; x_wconf 90' lang='lat' dir='ltr'><strong>domo</strong></span> <span class='ocrx_word' id='word_1_229' title='bbox 621 3545 700 3616; x_wconf 83' lang='lat' dir='ltr'><strong>ejas:</strong></span> <span class='ocrx_word' id='word_1_230' title='bbox 725 3550 756 3599; x_wconf 81' lang='lat' dir='ltr'><strong>rt</strong></span> <span class='ocrx_word' id='word_1_231' title='bbox 774 3543 893 3614; x_wconf 82' lang='lat' dir='ltr'><strong>justitia</strong></span> <span class='ocrx_word' id='word_1_232' title='bbox 912 3544 975 3615; x_wconf 81' lang='lat' dir='ltr'><strong>ejus</strong></span> <span class='ocrx_word' id='word_1_233' title='bbox 994 3549 1094 3599; x_wconf 85' lang='lat' dir='ltr'><strong>manet</strong></span> <span class='ocrx_word' id='word_1_234' title='bbox 1116 3543 1146 3598; x_wconf 92' lang='lat' dir='ltr'><strong>in</strong></span> <span class='ocrx_word' id='word_1_235' title='bbox 1167 3534 1277 3597; x_wconf 72' lang='lat' dir='ltr'><strong>saeculuffl</strong></span> 
     </span>
     <span class='ocr_line' id='line_1_36' title="bbox 105 3623 212 3680; baseline 0.028 -3"><span class='ocrx_word' id='word_1_236' title='bbox 105 3623 212 3680; x_wconf 62' lang='lat' dir='ltr'><strong>saeculi.</strong></span> 
     </span>
    </p>
   </div>
   <div class='ocr_carea' id='block_1_9' title="bbox 166 3714 1278 4278">
    <p class='ocr_par' dir='ltr' id='par_1_19' title="bbox 166 3714 1278 4278">
     <span class='ocr_line' id='line_1_37' title="bbox 166 3714 330 3789; baseline 0.024 -22"><span class='ocrx_word' id='word_1_237' title='bbox 166 3714 330 3789; x_wconf 78' lang='lat' dir='ltr'><strong>Sequentia..</strong></span> 
     </span>
     <span class='ocr_line' id='line_1_38' title="bbox 227 3797 972 3872; baseline 0 -20"><span class='ocrx_word' id='word_1_238' title='bbox 227 3797 301 3863; x_wconf 76' lang='lat' dir='ltr'><strong>Ecca</strong></span> <span class='ocrx_word' id='word_1_239' title='bbox 314 3798 434 3872; x_wconf 80' lang='lat' dir='ltr'><strong>pulchra</strong></span> <span class='ocrx_word' id='word_1_240' title='bbox 451 3818 590 3855; x_wconf 87' lang='lat' dir='ltr'><strong>canoram</strong></span> <span class='ocrx_word' id='word_1_241' title='bbox 605 3806 723 3855; x_wconf 72' lang='lat' dir='ltr'><strong>resonat</strong></span> <span class='ocrx_word' id='word_1_242' title='bbox 738 3818 807 3853; x_wconf 78' lang='lat' dir='ltr'><strong>vore</strong></span> <span class='ocrx_word' id='word_1_243' title='bbox 823 3797 972 3872; x_wconf 75' lang='lat' dir='ltr'><strong>Allelaya.</strong></span> 
     </span>
     <span class='ocr_line' id='line_1_39' title="bbox 226 3878 807 3955; baseline 0.002 -21"><span class='ocrx_word' id='word_1_244' title='bbox 226 3878 375 3935; x_wconf 84' lang='lat' dir='ltr'><strong>Intimans</strong></span> <span class='ocrx_word' id='word_1_245' title='bbox 389 3879 518 3955; x_wconf 76' lang='lat' dir='ltr'><strong>requiem</strong></span> <span class='ocrx_word' id='word_1_246' title='bbox 534 3880 642 3935; x_wconf 86' lang='lat' dir='ltr'><strong>civium</strong></span> <span class='ocrx_word' id='word_1_247' title='bbox 657 3880 807 3953; x_wconf 75' lang='lat' dir='ltr'><strong>inclytam.</strong></span> 
     </span>
     <span class='ocr_line' id='line_1_40' title="bbox 225 3958 991 4036; baseline 0.001 -22"><span class='ocrx_word' id='word_1_248' title='bbox 225 3958 385 4022; x_wconf 75' lang='lat' dir='ltr'><strong>Felixstat</strong></span> <span class='ocrx_word' id='word_1_249' title='bbox 400 3961 525 4016; x_wconf 87' lang='lat' dir='ltr'><strong>nimium</strong></span> <span class='ocrx_word' id='word_1_250' title='bbox 539 3961 709 4036; x_wconf 81' lang='lat' dir='ltr'><strong>augelorum</strong></span> <span class='ocrx_word' id='word_1_251' title='bbox 725 3961 851 4015; x_wconf 80' lang='lat' dir='ltr'><strong>rutilans</strong></span> <span class='ocrx_word' id='word_1_252' title='bbox 865 3961 991 4031; x_wconf 69' lang='lat' dir='ltr'><strong>agmina,</strong></span> 
     </span>
     <span class='ocr_line' id='line_1_41' title="bbox 225 4040 1177 4115; baseline 0 -20"><span class='ocrx_word' id='word_1_253' title='bbox 225 4040 338 4111; x_wconf 75' lang='lat' dir='ltr'><strong>Sancte,</strong></span> <span class='ocrx_word' id='word_1_254' title='bbox 352 4041 468 4102; x_wconf 80' lang='lat' dir='ltr'><strong>Sancte.</strong></span> <span class='ocrx_word' id='word_1_255' title='bbox 483 4043 597 4111; x_wconf 58' lang='lat' dir='ltr'><strong>saincte,</strong></span> <span class='ocrx_word' id='word_1_256' title='bbox 615 4042 734 4098; x_wconf 77' lang='lat' dir='ltr'><strong>Christo</strong></span> <span class='ocrx_word' id='word_1_257' title='bbox 748 4050 872 4096; x_wconf 82' lang='lat' dir='ltr'><strong>ovanter</strong></span> <span class='ocrx_word' id='word_1_258' title='bbox 886 4041 1105 4115; x_wconf 88' lang='lat' dir='ltr'><strong>proclamantia.</strong></span> <span class='ocrx_word' id='word_1_259' title='bbox 1175 4082 1177 4087; x_wconf 84' lang='lat'>-</span> 
     </span>
     <span class='ocr_line' id='line_1_42' title="bbox 224 4106 1278 4197; baseline -0.006 -20"><span class='ocrx_word' id='word_1_260' title='bbox 224 4121 352 4178; x_wconf 65' lang='lat' dir='ltr'><strong>¹Sublimi</strong></span> <span class='ocrx_word' id='word_1_261' title='bbox 372 4122 404 4178; x_wconf 89' lang='lat' dir='ltr'><strong>in</strong></span> <span class='ocrx_word' id='word_1_262' title='bbox 422 4122 560 4179; x_wconf 82' lang='lat' dir='ltr'><strong>cathedra</strong></span> <span class='ocrx_word' id='word_1_263' title='bbox 577 4122 773 4197; x_wconf 81' lang='lat' dir='ltr'><strong>apostolorum</strong></span> <span class='ocrx_word' id='word_1_264' title='bbox 794 4122 876 4178; x_wconf 83' lang='lat' dir='ltr'><strong>sedet</strong></span> <span class='ocrx_word' id='word_1_265' title='bbox 890 4120 1003 4196; x_wconf 84' lang='lat' dir='ltr'><strong>fulgida</strong></span> <span class='ocrx_word' id='word_1_266' title='bbox 1017 4120 1149 4196; x_wconf 80' lang='lat' dir='ltr'><strong>lampada</strong></span> <span class='ocrx_word' id='word_1_267' title='bbox 1164 4115 1244 4174; x_wconf 61' lang='lat' dir='ltr'><strong>tribul</strong></span> <span class='ocrx_word' id='word_1_268' title='bbox 1254 4106 1278 4156; x_wconf 56' lang='lat' dir='ltr'><strong>‘V‘</strong></span> 
     </span>
     <span class='ocr_line' id='line_1_43' title="bbox 303 4202 603 4278; baseline 0.003 -20"><span class='ocrx_word' id='word_1_269' title='bbox 303 4202 420 4278; x_wconf 79' lang='lat' dir='ltr'><strong>linguas</strong></span> <span class='ocrx_word' id='word_1_270' title='bbox 429 4203 603 4278; x_wconf 78' lang='lat' dir='ltr'><strong>judicantia.</strong></span> 
     </span>
    </p>
   </div>
   <div class='ocr_carea' id='block_1_10' title="bbox 220 4265 1272 4522">
    <p class='ocr_par' dir='ltr' id='par_1_20' title="bbox 220 4265 1272 4522">
     <span class='ocr_line' id='line_1_44' title="bbox 223 4265 1272 4358; baseline -0.004 -20"><span class='ocrx_word' id='word_1_271' title='bbox 223 4282 331 4340; x_wconf 86' lang='lat' dir='ltr'><strong>Omnia</strong></span> <span class='ocrx_word' id='word_1_272' title='bbox 345 4290 380 4340; x_wconf 89' lang='lat' dir='ltr'><strong>ut</strong></span> <span class='ocrx_word' id='word_1_273' title='bbox 393 4294 520 4341; x_wconf 73' lang='lat' dir='ltr'><strong>stercora</strong></span> <span class='ocrx_word' id='word_1_274' title='bbox 535 4292 711 4358; x_wconf 82' lang='lat' dir='ltr'><strong>reputarunt</strong></span> <span class='ocrx_word' id='word_1_275' title='bbox 722 4283 851 4345; x_wconf 81' lang='lat' dir='ltr'><strong>tumida:</strong></span> <span class='ocrx_word' id='word_1_276' title='bbox 872 4290 993 4358; x_wconf 82' lang='lat' dir='ltr'><strong>propter</strong></span> <span class='ocrx_word' id='word_1_277' title='bbox 1003 4283 1057 4340; x_wconf 87' lang='lat' dir='ltr'><strong>hoc</strong></span> <span class='ocrx_word' id='word_1_278' title='bbox 1071 4283 1200 4346; x_wconf 78' lang='lat' dir='ltr'><strong>enricum,</strong></span> <span class='ocrx_word' id='word_1_279' title='bbox 1212 4265 1272 4328; x_wconf 62' lang='lat' dir='ltr'><strong>Velm</strong></span> 
     </span>
     <span class='ocr_line' id='line_1_45' title="bbox 301 4364 678 4423; baseline 0.003 -2"><span class='ocrx_word' id='word_1_280' title='bbox 301 4364 386 4422; x_wconf 85' lang='lat' dir='ltr'><strong>stella</strong></span> <span class='ocrx_word' id='word_1_281' title='bbox 400 4366 578 4423; x_wconf 86' lang='lat' dir='ltr'><strong>firmamenti</strong></span> <span class='ocrx_word' id='word_1_282' title='bbox 592 4366 678 4422; x_wconf 87' lang='lat' dir='ltr'><strong>clara.</strong></span> 
     </span>
     <span class='ocr_line' id='line_1_46' title="bbox 220 4444 927 4522; baseline 0.001 -21"><span class='ocrx_word' id='word_1_283' title='bbox 220 4444 312 4502; x_wconf 70' lang='lat' dir='ltr'><strong>scolis</strong></span> <span class='ocrx_word' id='word_1_284' title='bbox 325 4447 458 4503; x_wconf 82' lang='lat' dir='ltr'><strong>candidis</strong></span> <span class='ocrx_word' id='word_1_285' title='bbox 472 4455 637 4522; x_wconf 80' lang='lat' dir='ltr'><strong>martyrum</strong></span> <span class='ocrx_word' id='word_1_286' title='bbox 651 4447 836 4503; x_wconf 79' lang='lat' dir='ltr'><strong>adornantur</strong></span> <span class='ocrx_word' id='word_1_287' title='bbox 845 4445 927 4502; x_wconf 75' lang='lat' dir='ltr'><strong>collo.</strong></span> 
     </span>
    </p>
   </div>
   <div class='ocr_carea' id='block_1_11' title="bbox 0 0 1406 4920">
    <p class='ocr_par' dir='ltr' id='par_1_21' title="bbox 0 0 1406 4920">
     <span class='ocr_line' id='line_1_47' title="bbox 0 0 1406 4920; baseline 0 3"><span class='ocrx_word' id='word_1_288' title='bbox 0 0 1406 4920; x_wconf 95' lang='lat' dir='ltr'><strong> </strong></span> 
     </span>
    </p>
   </div>
  </div>
 </body>
</html>
