2804 4920
441 276 538 344 reta
561 276 713 345 Octobris

322 523 433 583 Missus
447 530 492 583 est
504 525 541 584 de
554 525 676 585 summis
689 525 767 585 calis

322 604 465 684 Raphscl‚
481 612 517 664 ut
530 606 659 665 Tobielis

361 686 459 745 Tollat
472 686 641 746 caecitatem.

321 767 395 826 Post
408 776 444 825 ut
457 767 587 826 medicus
600 768 696 827 fidelis

321 848 400 907 Sarae
414 856 492 906 nctae
506 848 648 926 Raguelis

361 929 423 988 Det
435 929 655 988 secunditatem.

319 1023 351 1080 A
364 1030 449 1100 patre
462 1042 536 1100 puer
548 1022 689 1095 mittitur,

320 1102 362 1161 Et
375 1105 535 1162 conductor
548 1103 709 1180 quaeritur3

318 1184 369 1242 Ad
385 1185 462 1243 fores
476 1185 624 1261 reperitur

359 1265 532 1324 Succinctus
547 1265 676 1324 Azarias.

318 1345 418 1404 Tobiae
432 1345 655 1419 introducitur3

318 1427 365 1485 De
378 1428 436 1485 viis
450 1427 533 1485 Medi
545 1428 667 1503 petitur,

318 1506 360 1565 Et
372 1509 474 1566 statim
485 1507 664 1578 conceditur,

357 1589 408 1646 Ad
423 1589 519 1666 Reges
531 1588 618 1646 novit
630 1587 701 1648 vias.
731 1597 734 1603 ’

316 1681 369 1739 Ad
383 1683 479 1760 Tigris
492 1683 579 1740 littus
591 1682 679 1759 pedes
692 1681 767 1742 lavit

316 1761 504 1834 Adolescens,
520 1770 551 1821 et
564 1764 686 1840 expavit

356 1843 473 1902 Piscem
487 1845 659 1903 inhiantem.

317 1925 364 1982 En
378 1945 425 1982 me
438 1925 563 1997 invadit,
579 1924 773 1985 exclamavit:

316 2005 373 2064 Cui
388 2005 522 2081 Rapheel
535 2006 695 2083 imperavit

356 2086 447 2144 Trahi
459 2087 662 2164 palpitantem.

315 2180 354 2237 In
367 2180 477 2238 siccum
491 2200 579 2257 quem
591 2181 778 2240 exenteravit
788 2201 798 2255 ;

316 2259 383 2332 Oor,
397 2261 445 2334 sel,
456 2262 541 2337 jecur
553 2262 723 2336 reservavit,

355 2341 403 2400 Ut
416 2362 477 2399 rem
492 2342 695 2401 medicantem.

313 2422 454 2481 Azariam
468 2423 640 2495 obsecravit,

314 2502 356 2561 Et
369 2504 523 2562 confestim
536 2503 680 2562 indicavit

354 2583 428 2642 Vim
441 2587 558 2643 morbos
571 2584 617 2643 his
631 2590 793 2645 sanantem.

313 2675 389 2735 Haec
402 2677 536 2737 doctrina
548 2678 729 2755 approbatur

313 2757 424 2816 Verbis
437 2760 537 2836 praxis
550 2766 696 2835 operatur,

353 2838 430 2897 Cum
443 2840 581 2916 spiritum
595 2838 717 2918 fugavit.

312 2921 344 2978 A
355 2919 428 2978 Sara
442 2921 622 2998 septemvira

312 2999 334 3059 J
335 3002 427 3060 econ‘s
440 3002 472 3058 vi
485 3002 623 3079 praemira

353 3081 526 3140 Daemonem
539 3081 706 3142 extricavit.

313 3173 474 3234 celebratis
487 3176 609 3254 nuptiis,

312 3254 423 3315 Salutis
436 3265 467 3315 et
479 3258 627 3334 argenteis

351 3337 483 3395 Talentis
495 3338 631 3415 Ragueli,

311 3418 403 3476 Redit
417 3438 483 3476 cum
497 3419 611 3476 divitiis

312 3498 419 3557 Tobiae
432 3506 463 3558 et
475 3498 668 3557 substantiis:

351 3580 430 3638 Laus
443 3581 483 3638 sit
497 3581 561 3639 Dec
575 3578 646 3638 cccli.

312 3674 371 3747 Qui
385 3673 452 3732 selle
465 3673 583 3732 sanavit
596 3693 714 3747 caecum,

311 3757 353 3816 Et
366 3755 521 3816 redonavit
534 3754 643 3828 lumen,

310 3838 408 3898 Nobis
421 3836 586 3895 condonare
598 3856 697 3895 secum

350 3919 413 3978 Det
425 3918 636 3994 sempiternum
649 3937 767 3976 numen

66 4062 188 4123 nardum
200 4062 368 4125 Jotaomm
379 4065 424 4137 (c.
443 4059 517 4137 1-4).

171 4165 279 4225 mpero,
294 4145 369 4204 Erat
381 4143 444 4201 dies
457 4142 549 4200 festus
562 4160 653 4217 eoque
666 4140 708 4200 ad
719 4140 908 4200 detinebatur
920 4141 1103 4202 infirmitate.

66 4238 311 4386 mammam
324 4323 397 4397 caeli,
417 4329 448 4382 et
462 4341 560 4380 coram
573 4321 710 4381 omnibns
726 4320 894 4382 viventibus
907 4320 1089 4382 confitemini
1101 4322 1158 4396 illi,

66 4405 117 4466 ecit
127 4406 281 4469 nobiscum
294 4404 525 4465 misericordiam
538 4421 629 4461 suam

391 4498 415 4543 r
