2806 4920
160 390 224 453 146
560 385 663 451 Feria
684 408 712 451 c.
730 393 807 472 poet
827 384 967 452 Parem

159 574 213 631 per
239 552 439 630 ignorantiam
461 552 581 625 fecistis,
605 551 683 610 sicut
706 558 737 610 et
760 553 908 630 principes
930 552 1030 611 vestri.
1073 552 1158 610 Dens
1180 559 1294 625 eutem,
1316 553 1362 631 qni

160 635 377 712 prenunciavit
389 655 443 712 per
455 654 487 692 os
500 636 633 691 omnium
647 633 857 710 prophetarum
872 634 935 711 poti
948 633 1103 691 Christum
1119 653 1218 707 sunm,
1234 635 1363 711 implerit

159 716 209 774 sic.
253 715 445 773 Poenitemini
458 715 551 792 igitur
564 722 595 773 et
608 715 825 786 convertimini,
839 722 875 773 ut
888 713 1044 772 deleantur
1056 722 1179 793 poeste
1192 722 1301 773 restra.

221 796 371 936 isigildim
385 897 474 954 quam
487 876 559 935 fecit
573 876 737 935 Dominus:
758 876 941 934 exsultemus
954 883 986 934 et
998 876 1135 935 letemur
1147 877 1181 934 in
1195 896 1240 936 cn.

166 960 194 1016 Γ.
223 959 356 1017 Dextera
370 959 493 1016 Domini
505 959 576 1016 fecit
589 958 752 1015 virtutem:
772 957 896 1015 dextera
908 958 1033 1015 Domini
1046 958 1196 1016 exaltavit
1209 978 1267 1017 me

220 1040 370 1115 Alleluya.
432 1040 462 1097 l'.
519 1039 658 1096 Surrexit
684 1038 840 1111 Dominus,
869 1045 901 1097 et
927 1058 1082 1097 occurrens
1108 1039 1291 1098 mulieribus
1314 1041 1360 1111 sit,

161 1122 269 1180 Arete.
312 1121 396 1214 Tunc
406 1126 600 1191 accesserunt,
616 1126 646 1177 et
660 1126 822 1177 tenuerunt
835 1119 923 1197 pedes
936 1120 1008 1195 ejus.

221 1201 386 1340 sfflg
396 1281 532 1340 naseam
545 1280 646 1338 uuae
659 1280 815 1338 immolant
829 1281 1001 1339 curuum.

240 1365 349 1440 Agnus
358 1364 484 1420 redemit
491 1382 569 1431 oves,
580 1362 716 1420 Christus
723 1362 863 1419 innocens
877 1362 961 1420 Patri
974 1362 1179 1420 reconciliavit
1192 1371 1364 1439 peccatores

242 1444 327 1502 Mors
345 1451 380 1537 ‘ct
402 1446 465 1501 vitu
486 1443 585 1500 duello
606 1443 764 1500 conflixere
785 1443 929 1515 mirando,
944 1443 1008 1500 dux
1020 1444 1091 1501 vitoe
1103 1450 1247 1502 mortuus
1267 1456 1365 1522 regunt

242 1606 299 1662 Dic
312 1544 529 1678 ddffiMamm
544 1604 616 1681 quid
629 1604 733 1662 vidisti
747 1605 778 1662 in
793 1604 861 1663 rial

240 1686 435 1763 Sepulchrum
450 1686 560 1743 Christi
574 1686 713 1757 viventis,
727 1692 758 1743 et
771 1686 896 1762 gloriam
909 1685 973 1743 vidi
985 1686 1177 1762 resurgentis,

241 1768 400 1844 Angelicos
412 1774 511 1835 testes,
526 1766 678 1824 sudarium
692 1775 722 1824 et
736 1774 839 1824 restes

241 1847 379 1905 Surrexit
393 1848 529 1905 Christus
542 1868 607 1924 spes
620 1854 729 1917 nostra,
744 1847 889 1924 praecedet
902 1866 955 1905 vos
967 1848 1000 1904 in
1014 1846 1179 1906 Galilaeam.

242 1928 427 2022 Credendum
450 1935 495 1986 est
516 1929 610 2006 magis
630 1928 685 1985 soli
704 1928 809 1985 lllnriae
831 1930 936 2000 veraci,
958 1948 1049 2004 quum
1070 1928 1252 1987 Judaeorum
1277 1933 1372 1989 turbe

241 2010 520 2183 Scimliildllistum
534 2091 695 2147 surrexisse
708 2110 725 2146 u
739 2090 865 2147 mortuis
877 2110 966 2147 rere:
994 2098 1030 2147 tu
1051 2090 1146 2162 nobis,
1169 2091 1276 2150 victor
1297 2094 1375 2153 Rex.

321 2190 466 2228 miserere.

221 2275 421 2349 Eeuupeh'um.
466 2273 631 2331 Secundum
647 2274 813 2335 Johanaem
832 2274 908 2349 (wi.
927 2275 1021 2352 Ill)

221 2357 260 2412 In
275 2356 326 2412 illo
340 2362 481 2431 tempore,
496 2355 703 2412 Manifestuvit
716 2376 747 2412 se
760 2357 869 2412 iterum
883 2356 904 2413 J
905 2375 971 2413 esus
984 2355 1136 2432 discipulis
1148 2357 1214 2414 suis
1230 2359 1273 2415 ad
1294 2381 1376 2417 mare

159 2436 323 2494 Tiberiadis
337 2457 426 2510 uaqttc
440 2438 480 2493 od
494 2437 562 2493 Hoc
571 2437 635 2512 jam
649 2437 739 2493 tertio
752 2437 958 2494 manifestatus
971 2445 1017 2495 est
1026 2437 1048 2495 J
1049 2457 1116 2495 esus
1129 2437 1291 2515 discipulis
1304 2444 1374 2505 suis,

159 2538 227 2575 cum
241 2518 448 2574 resurrexisset
461 2537 479 2573 a
492 2518 624 2574 mortuis

222 2599 324 2656 Crede.

222 2679 413 2753 (Memorium.

220 2761 325 2818 Portos
347 2761 410 2817 caeli
434 2761 551 2837 aperuit
573 2760 741 2816 Dominus:
775 2768 805 2816 et
832 2760 910 2836 pluit
936 2761 995 2816 illis
1023 2780 1140 2825 manna,
1165 2768 1204 2817 ut-
1228 2763 1372 2822 ederent:

159 2863 264 2919 panem
279 2843 343 2899 cali
357 2842 439 2899 dedit
453 2842 530 2899 illis:
551 2861 657 2917 panem
672 2841 843 2917 augelorum
857 2842 1047 2898 manducavit
1061 2842 1157 2912 home,
1171 2842 1316 2920 alleluya

220 2924 340 2980 Secreta.
920 2930 927 2943 “

220 3005 377 3075 Sacrificia,
393 3004 530 3075 Domine,
545 3003 730 3080 paschalibus
747 3003 861 3079 gaudiis
877 3003 1035 3073 immolata,
1051 3004 1136 3059 uobis
1150 3010 1212 3060 tum
1226 3009 1370 3083 pmpitia-

160 3085 249 3140 tionis
271 3105 378 3141 munus
396 3085 550 3141 obtineant
561 3105 569 3155 5
590 3085 697 3159 quibus
720 3084 838 3140 ecclesia
862 3092 914 3140 tua
935 3084 1111 3141 mimbilitcr
1132 3090 1163 3141 ct
1183 3088 1322 3161 pascitur
1341 3106 1368 3145 et

160 3166 301 3220 nutritur.
345 3165 404 3221 Per
422 3165 593 3221 Dominum.

222 3245 402 3302 (brenmula

220 3326 355 3382 Christus
370 3346 522 3401 resurgens
536 3346 574 3382 ex
589 3327 722 3396 mortuis
740 3327 803 3401 jam
825 3346 884 3382 uon
906 3327 1040 3397 moritur,
1055 3326 1204 3403 alleluya:
1228 3349 1311 3387 mors
1324 3330 1366 3387 illi

158 3407 237 3463 ultra
251 3427 311 3462 nou
325 3407 532 3478 dominabitur,
547 3407 680 3482 alleluya.

219 3488 459 3544 Peucommuuio.

219 3569 271 3625 Ab
296 3569 376 3623 onmi
400 3588 462 3638 nos,
487 3589 663 3644 quesumus,
686 3568 822 3629 Domine.
842 3576 990 3625 vetustate
1014 3576 1163 3645 purgatos,
1186 3574 1364 3629 sacramenti

158 3652 203 3707 tui
218 3649 386 3706 veneranda
399 3650 547 3725 perceptio
561 3652 593 3706 in
607 3670 713 3706 novam
729 3651 888 3707 trumserat
902 3658 1074 3707 creaturam.
1114 3650 1174 3708 Per
1188 3652 1361 3710 Dominum.

633 3845 731 3903 Fnam
753 3846 884 3914 Qus-ra

216 3955 265 4010 Ad
279 3953 411 4008 Jh’aaam.
457 3950 596 4025 Officium.

216 4035 378 4092 Victricem
394 4052 515 4089 manum
528 4042 619 4105 tuam,
634 4035 769 4101 Domine,
782 4035 978 4091 laudaverunt
992 4035 1112 4110 pariter,
1123 4034 1272 4111 tlleluyu:
1292 4036 1359 4112 quis

155 4118 299 4193 sapientia
312 4116 429 4192 aperuit
444 4133 476 4170 os
491 4123 607 4171 mutum
621 4137 626 4171 :
649 4122 679 4171 ct
693 4115 808 4191 linguas
823 4116 983 4172 infantium
997 4116 1066 4172 fecit
1080 4115 1215 4185 disertas,
1227 4116 1358 4191 alleluya,

153 4198 288 4273 alleluya.

215 4279 360 4335 Psalmus.

214 4358 404 4417 Confitemini
425 4357 564 4429 Domino,
580 4359 717 4435 quoniam
740 4360 850 4418 honus:
873 4360 1011 4436 quoniam
1033 4360 1064 4416 in
1086 4360 1227 4419 seculum
1249 4359 1357 4418 miscri-

153 4440 252 4496 cordia
266 4442 336 4516 ejus.

215 4521 317 4596 Kyrie.
362 4521 451 4580 Orbis
464 4521 566 4579 luctor.
