2806 4920
147 309 211 370 111
459 305 552 372 nom.
574 305 619 370 11.
639 311 714 390 post
738 303 800 371 oa
824 302 1030 368 Pentecoste.

618 539 718 597 Fama
739 538 877 609 Quaeri.

207 672 301 729 Lectio
314 670 453 747 Epistobe
466 669 560 728 Pauli
568 694 578 729 .·
598 669 649 727 Ad
663 668 841 729 Cobmetcaes
853 668 915 745 (iit
934 667 1048 744 17-24)

208 752 344 809 Fratres:
365 751 461 809 Omne
480 751 675 828 quodcunque
695 750 792 808 fecitis
812 751 844 806 in
858 750 949 807 verbo
968 755 1023 807 aut
1041 749 1074 806 in
1094 767 1185 826 opere
1203 768 1302 826 usqam
1313 751 1355 809 ad

143 831 313 972 zffiffip
324 832 486 972 affl
504 831 735 909 redemptionem
760 831 950 904 haereditatis,
971 830 1029 888 Per
1051 829 1158 889 desum
1183 829 1352 904 Christum,

206 993 371 1053 Secundum
384 992 559 1051 Mattianum
571 993 616 1063 (o.
634 992 750 1068 25-30).

206 1075 245 1132 In
258 1075 310 1133 illo
323 1081 463 1152 tempore,
479 1075 568 1132 Dixit
581 1074 603 1132 J
604 1092 670 1130 esus
686 1072 837 1150 discipulis
854 1073 934 1131 suis:
954 1073 1027 1131 Fato
1047 1072 1241 1132 consentiens
1262 1093 1354 1150 usquc

144 1157 186 1214 ad
198 1176 287 1232 quam
302 1163 399 1214 101111
412 1175 519 1232 eorpus
531 1163 619 1212 tuum
633 1161 681 1213 eat
695 1155 727 1211 in
740 1155 913 1231 gehennam.

630 1342 730 1400 Faria
751 1341 858 1400 Sarra

202 1467 299 1525 Lectio
312 1465 450 1543 Epistola
463 1466 539 1525 beati
551 1465 634 1523 Petri
647 1464 785 1541 Apostoli
795 1464 830 1540 (l
846 1465 866 1521 a
883 1462 979 1541 9-17).

202 1547 373 1606 carissimi:
401 1547 598 1623 Repertantes
617 1546 686 1603 fidei
704 1553 809 1603 vestrae
830 1545 920 1602 finem
940 1563 1031 1620 eaquae
1050 1544 1093 1602 ad
1114 1543 1149 1602 in
1172 1543 1287 1604 timore
1308 1547 1353 1603 in-

142 1628 255 1686 colatus
268 1629 360 1686 vestri
374 1635 505 1704 tempore
518 1628 742 1684 conversamini.

202 1708 370 1768 scandum
384 1706 521 1767 Marcum
533 1708 592 1783 (xi.
611 1707 723 1784 15-23).

200 1790 241 1848 In
261 1790 314 1848 1110
333 1796 473 1866 tempore,
496 1788 572 1847 0111
593 1788 743 1845 introisset
763 1787 785 1845 J
786 1805 852 1845 esus
872 1785 1110 1862 Hierosolymam
1138 1786 1172 1843 in
1198 1787 1351 1865 templum

142 1889 231 1946 usque
244 1872 285 1928 1111
298 1871 492 1947 quodcunque
505 1869 616 1928 dixerit
629 1872 681 1926 fiet
693 1868 729 1927 ei.

342 2058 503 2116 Donrruca
524 2057 653 2128 Quaem
674 2072 746 2114 soar
766 2055 908 2115 Octavus
929 2056 1148 2116 Paurnoosrsa

202 2159 349 2300 1111111111
372 2242 552 2299 illuminatio
576 2261 658 2300 mea:
685 2216 716 2299 et
736 2241 816 2299 salus
836 2260 910 2312 mee,
931 2260 1020 2317 quem
1043 2241 1174 2300 timebo?
1193 2242 1351 2305 Dominus

140 2322 275 2380 defensor
287 2323 358 2380 vitae
371 2342 451 2393 meae,
466 2342 485 2380 a
497 2342 556 2399 quo
570 2323 742 2399 trepidabo?
761 2324 814 2399 qui
831 2321 978 2380 tribulant
996 2341 1044 2380 me
1059 2323 1175 2381 inimici
1188 2326 1270 2385 mei:
1291 2328 1350 2404 ipsi

140 2403 283 2461 infirmati
297 2410 368 2461 sunt
380 2411 412 2461 et
425 2404 599 2462 ceciderunt

200 2483 345 2542 Psolmua

200 2565 232 2623 Si
247 2566 409 2623 consistant
423 2565 579 2623 adversum
592 2583 640 2621 me
653 2571 767 2623 castra:
787 2584 848 2622 non
863 2564 982 2622 timebit
994 2583 1044 2623 eor
1058 2584 1165 2622 meum.

201 2646 309 2705 Oratio

200 2727 353 2785 Protector
373 2727 404 2783 in
425 2734 456 2785 te
476 2727 659 2803 sperantium
678 2727 769 2796 Deua,
789 2726 852 2783 sine
872 2746 931 2802 quo
950 2726 1027 2783 nihil
1047 2733 1093 2784 est
1106 2727 1250 2799 validum,
1267 2731 1346 2789 nihil

138 2817 290 2867 sanctum:
318 2808 482 2885 multiplica
502 2828 589 2884 super
608 2827 663 2865 nos
682 2807 910 2864 misericordiam
930 2814 1033 2865 tuam:
1061 2815 1096 2865 ut
1116 2815 1148 2866 te
1167 2817 1292 2882 rectore,
1314 2821 1346 2869 te

137 2890 219 2963 duce,
241 2891 283 2947 sic
303 2897 486 2948 transeamus
506 2909 558 2966 per
578 2889 656 2947 bona
675 2888 857 2965 temporalia,
878 2895 914 2945 ut
936 2908 998 2946 101
1020 2889 1195 2947 amittamus
1218 2898 1341 2951 aetema

140 2970 205 3028 Per.

198 3052 247 3108 Ad
261 3052 407 3110 Romanoa
420 3051 498 3127 (ciii.
517 3051 631 3125 1113).

199 3131 335 3190 Fratres:
356 3133 504 3189 Existimo
518 3133 597 3189 enim
612 3131 689 3207 quod
706 3151 765 3187 non
779 3136 851 3188 sunt
864 3131 1015 3207 condignae
1029 3131 1179 3206 passiones
1193 3152 1288 3208 usque
1301 3137 1344 3192 cd

136 3220 325 3288 expectantes
352 3213 581 3288 redemptionem
606 3213 734 3289 corpoms
761 3212 864 3282 nostri,
893 3212 933 3268 In
960 3211 1079 3269 Christo
1102 3211 1185 3284 Jesu‚
1208 3212 1343 3273 Domino

138 3300 246 3350 nostro.

199 3372 331 3432 Grudule.

198 3455 349 3530 Propitius
369 3461 440 3526 esto,
464 3454 601 3525 Domino,
623 3454 895 3531 peccatisnostris:
919 3454 1075 3529 nequando
1099 3455 1201 3512 dicant
1223 3466 1339 3534 gentes.

136 3535 189 3591 ubi
202 3546 247 3592 est
262 3535 342 3591 Deus
356 3555 465 3592 eorum.

144 3616 170 3672 t'.
197 3617 320 3692 Adjuva
334 3636 395 3685 nos,
413 3616 494 3672 Deus
507 3616 645 3673 salutaris
659 3623 777 3674 noster:
798 3621 830 3672 et
842 3621 963 3692 propter
976 3616 1116 3673 bononem
1136 3617 1268 3675 nominis
1282 3622 1339 3687 tui,

137 3697 274 3766 Domine,
289 3696 381 3754 libera
395 3717 455 3754 nos

195 3777 345 3852 Allelupu.
387 3777 415 3835 V.
439 3777 574 3845 Domine,
587 3778 619 3834 in
630 3779 742 3835 virtute
756 3784 808 3834 tua
822 3776 972 3834 laetabitur
985 3796 1049 3846 rex,
1060 3782 1090 3833 et
1104 3795 1192 3853 super
1205 3778 1339 3839 salutare

136 3867 222 3915 tuum
237 3858 400 3916 exsultabit
413 3859 609 3917 vehementer.

194 3939 361 3997 3111111111
375 3940 487 3996 Lucum,
500 3945 513 4010 (
521 3940 554 3995 11.
572 3940 688 4017 36-42)

195 4020 233 4076 In
258 4020 310 4077 illo
333 4027 472 4097 tempore,
499 4020 585 4076 Dixit
609 4020 698 4078 Jesus
721 4019 872 4096 discipulis
895 4020 974 4092 suis3
1004 4020 1108 4078 Estote
1132 4020 1337 4081 misericordes

133 4121 223 4176 aesque
237 4102 278 4158 ad
291 4109 321 4159 ct
335 4101 441 4159 educas
454 4101 595 4158 festucam
610 4101 646 4158 de
660 4101 744 4159 oculo
757 4102 859 4159 fratris
872 4101 926 4158 tui

193 4182 294 4240 Credo.

194 4263 386 4336 offertorium.

192 4344 334 4401 Illumiua
354 4344 452 4402 oculos
472 4362 560 4411 meos,
576 4362 612 4398 ne
630 4362 759 4419 unquam
781 4343 962 4400 obdormiam
983 4343 1015 4400 in
1036 4349 1150 4402 morte:
1174 4346 1333 4421 nequando

130 4423 209 4480 dicat
224 4424 360 4482 inimicus
375 4445 464 4497 meus,
481 4424 622 4501 praevalui
636 4425 776 4481 salvemus
790 4444 865 4482 eum.
