2806 4920
136 289 178 359 72
509 287 612 354 Hebcl.
630 288 669 354 ie.
687 287 968 374 Quadrupedem

194 456 363 609 {ppelffl
377 535 486 615 popule
505 555 598 611 meus,
619 535 714 615 legem
733 554 850 596 meam:
869 535 1014 595 inclinate
1031 555 1138 596 eurem
1157 534 1334 597 restrnmin

135 617 227 677 verba
239 618 299 676 oris
313 616 378 676 mei

200 715 310 776 Oratio.

199 797 278 868 Fiat,
293 815 471 873 quesumus,
486 796 622 870 Domine,
636 796 828 874 pergratiam
846 800 931 855 tuam
950 796 1119 857 fructuosus
1136 802 1251 856 notha
1262 796 1335 855 dero

138 878 230 939 tionis
243 878 384 951 affeetus3
404 879 475 956 quia
493 883 567 936 tuno
586 879 672 941 nobis
691 878 855 956 proderunt
874 885 1009 957 suseepta
1023 878 1152 957 jejunis,
1165 877 1195 937 ei
1211 884 1273 937 tun
1283 878 1335 937 nint

141 959 251 1036 placita
263 959 376 1039 pietati,
419 959 478 1018 Per
491 959 664 1017 Dominum.

202 1056 300 1115 Lectio
313 1056 412 1115 Eeuioe
424 1056 575 1133 Propheta
587 1057 676 1132 (xlix.
693 1057 790 1134 815).

203 1137 279 1196 Haee
291 1138 365 1196 dicit
378 1138 525 1196 Dominus
542 1138 642 1211 Deus3
662 1138 702 1195 In
721 1144 854 1216 tempore
873 1136 983 1215 placito
1001 1136 1145 1197 exaudivi
1156 1142 1191 1197 te
1202 1157 1293 1215 usque
1302 1134 1336 1195 ad

141 1238 195 1297 ego
207 1223 309 1277 temen
320 1237 383 1277 non
396 1219 551 1277 oblivisear
565 1219 620 1291 tui,
636 1219 709 1277 dicit
724 1219 873 1277 Dominus
885 1219 1080 1297 omnipotens.

202 1398 281 1472 Tibi,
296 1398 434 1469 Domine,
448 1398 605 1456 derelictus
618 1403 664 1456 est
676 1417 807 1475 pauper:
828 1397 942 1475 pupillo
955 1404 991 1456 tu
1004 1397 1062 1455 eris
1075 1397 1205 1474 adjutor.

149 1480 178 1538 V.
204 1479 252 1538 Ut
271 1479 352 1556 quid,
375 1479 512 1551 Domine,
533 1479 679 1537 recessisti
699 1478 799 1556 longe:
820 1478 945 1556 despicis
964 1478 997 1537 in
1010 1476 1334 1557 opportunitatibuain

142 1559 337 1619 tribulatione
343 1579 353 1633 3
375 1559 446 1619 dum
460 1559 594 1638 superbit
607 1560 725 1637 impius,
739 1559 909 1618 inoenditur
921 1578 1041 1637 pauper.

204 1657 415 1731 Ewnqelium:
434 1656 602 1716 Secundum
613 1655 641 1714 J
638 1657 781 1715 ohannem
793 1656 811 1734 (
811 1657 873 1715 eiii
888 1657 1002 1735 1220)

204 1738 245 1796 In
258 1738 310 1794 illo
324 1744 464 1816 tempore,
479 1739 568 1796 Dixit
581 1738 603 1796 J
604 1758 670 1796 esus
685 1738 780 1795 turbis
793 1737 815 1796 J
816 1739 981 1796 udaeorum:
1002 1737 1067 1815 Ego
1086 1757 1154 1796 sum
1173 1736 1231 1797 lux
1244 1734 1335 1795 mundi

144 1839 235 1896 usque
248 1819 290 1875 ad
302 1825 333 1877 et
346 1838 433 1877 nemo
446 1818 642 1897 apprehendit
655 1838 732 1892 eum,
748 1818 819 1895 quia
836 1819 964 1877 necdum
976 1826 1100 1877 venerat
1111 1818 1188 1878 bora
1200 1819 1271 1897 ejus

208 1916 403 1991 offertorium,

207 1998 316 2056 Faetus
338 2005 383 2056 est
407 1998 554 2056 Dominus
578 1997 798 2056 firmamentum
821 2017 941 2057 meum:
972 2004 1004 2057 et
1024 1996 1175 2076 refugium
1197 2016 1295 2057 meum
1311 2002 1336 2053 et

147 2078 289 2137 liberator
301 2098 393 2152 meus,
408 2080 531 2156 sperabo
545 2079 577 2135 in
590 2097 666 2137 eum.

208 2159 329 2219 Secreta.

208 2239 426 2312 oblationibus,
441 2259 616 2317 quaesumus,
632 2239 770 2312 Domine,
783 2240 899 2317 plaeere
915 2240 1075 2317 suseeptis:
1095 2245 1128 2299 et
1140 2240 1180 2299 sd
1192 2246 1225 2299 te
1236 2244 1338 2299 noceo

147 2320 239 2459 etispp
253 2320 375 2378 rebelles
389 2321 530 2398 oompelle
543 2320 690 2397 propitius
702 2321 880 2381 voluntates.
924 2321 983 2379 Per
996 2321 1169 2380 Dominum.

238 2420 393 2459 ommunso.

210 2480 358 2538 Dominus
373 2482 449 2559 regit
463 2500 516 2554 me,
532 2488 564 2539 et
576 2482 653 2539 nibil
666 2482 741 2540 mihi
754 2482 865 2541 deerit:
888 2483 922 2541 in
938 2482 1003 2541 loeo
1015 2502 1131 2561 pesouae
1144 2481 1189 2542 ibi
1207 2502 1257 2542 me
1267 2480 1341 2543 eollo

150 2561 237 2633 uerit,
253 2581 460 2639 superaquam
474 2563 642 2621 refectionis
655 2564 793 2622 educavit
807 2583 862 2622 me.

210 2643 451 2702 Postoommunio.

212 2723 276 2782 Tua
296 2744 358 2797 nos,
380 2745 555 2802 quaesumus,
577 2726 714 2796 Domine,
732 2745 797 2802 quae
812 2725 990 2802 sumpsimus
1009 2725 1169 2802 purifieent
1189 2732 1304 2785 saneta:
1319 2730 1344 2781 et

153 2807 321 2883 operatione
334 2826 395 2875 sua,
409 2812 440 2864 te
453 2807 539 2864 nobis
552 2807 663 2864 saciant
676 2826 738 2864 esse
751 2806 907 2883 placatum.
951 2806 1009 2865 Per
1023 2806 1198 2866 Dominum.

212 2887 307 2963 Super
315 2888 468 2964 populum.

213 2968 304 3039 Deus,
318 2970 371 3045 qui
393 2968 580 3046 sperantibus
601 2969 634 3025 in
656 2974 688 3026 te
709 2969 841 3026 misereri
863 2969 963 3045 potius
983 2968 1067 3046 eligis
1083 2988 1174 3045 quum
1194 2968 1300 3042 irasei;
1316 2967 1347 3025 sla

152 3048 237 3105 nobis
251 3050 339 3125 digne
352 3049 422 3106 llere
436 3051 514 3107 mula
524 3069 590 3126 ques
598 3049 729 3121 fecimus,
741 3056 777 3106 ut
790 3056 850 3107 tuas
864 3049 1071 3107 consolationis
1084 3051 1212 3127 gratiam
1222 3049 1348 3110 invenire

152 3128 310 3187 valeamus
353 3129 413 3187 Per
426 3129 597 3187 Dominum

484 3339 646 3399 Donrmci
665 3356 699 3397 ix
721 3339 873 3400 Prsnoxe
894 3344 1023 3402 Domus.

216 3449 358 3525 Officium.

214 3531 236 3590 J
238 3532 324 3589 udioa
338 3549 394 3602 me,
410 3530 512 3587 Deus:
533 3536 563 3587 et
577 3529 708 3588 discerne
723 3549 840 3587 causum
861 3551 956 3589 meam
971 3531 1008 3588 ‹le
1021 3536 1108 3608 gente
1121 3550 1183 3590 non
1196 3540 1309 3605 nnete,
1322 3532 1357 3591 ab

155 3611 275 3670 bomine
287 3611 391 3689 iniquo
404 3619 435 3669 et
448 3611 548 3669 doloso
569 3611 651 3688 eripe
673 3630 739 3669 me:
768 3612 839 3687 quie
860 3617 895 3668 tu
916 3632 947 3670 es
970 3612 1052 3670 Deus
1069 3631 1153 3669 meus
1170 3620 1203 3671 et
1216 3613 1358 3673 fortitudo

156 3713 363 3832 11163Ἃαῐηιαε.

219 3855 332 3911 Emitte
356 3854 451 3912 lucem
473 3860 557 3912 tuam
581 3860 612 3912 et
636 3854 791 3912 veritatem
815 3861 922 3912 tuem:
954 3855 1017 3931 ipsa
1040 3874 1088 3913 me
1110 3854 1312 3931 deduxerunt,
1332 3864 1363 3915 et

158 3935 350 3995 adduxerunt
362 3935 396 3992 in
410 3943 541 3992 montem
554 3941 689 3993 sanetum
703 3941 799 4005 tuum,
815 3942 846 3993 et
860 3936 891 3992 in
905 3936 1097 3994 tabernacula
1109 3942 1170 3994 tua

219 4016 266 4074 Ab
279 4016 389 4074 hoodie
402 4036 490 4091 περιτο
503 4018 544 4073 ud
557 4016 671 4074 Pascha
684 4036 744 4074 non
757 4017 867 4074 dicitur
881 4016 983 4074 Gloria
996 4017 1082 4075 Patri
1094 4026 1162 4093 post
1177 4017 1312 4093 Officium
1324 4020 1366 4079 ad

163 4097 336 4157 Missomde
352 4097 522 4173 Temperat,
538 4098 598 4155 ruisi
611 4106 726 4155 tantum
741 4097 832 4156 indie
846 4096 936 4158 Gener.

224 4179 410 4331 (leaulbllmue
423 4259 609 4336 omnipotens
622 4259 713 4330 Deus,
727 4258 869 4317 familiam
887 4266 969 4317 tuam
991 4260 1137 4337 propitius
1150 4261 1272 4338 respiee,
1287 4272 1325 4323 ut
1338 4272 1369 4323 te

164 4342 306 4480 llprglente
319 4348 438 4420 regatur
451 4341 483 4398 in
501 4360 629 4418 corpore,
643 4346 675 4399 et
690 4348 721 4399 te
738 4350 874 4399 servante
894 4341 1078 4399 custodiatur
1099 4342 1134 4399 in
1153 4350 1264 4402 mente.
1308 4345 1370 4405 Per

196 4442 335 4482 ominum.
