2804 4920
108 343 151 405 84
434 339 598 407 Ferr'aie.
615 338 841 406 Hetdmnadoe
855 338 994 406 &aaa

169 507 265 567 Lectio
280 507 434 566 Hieremia
447 508 598 585 Prophetae
610 508 667 586 (ri
686 507 800 585 lero).

170 588 210 646 In
223 588 326 647 diebus
342 588 410 660 illis,
425 590 515 647 Dixit
535 588 721 647 Hieremias:
746 589 884 661 Domine,
898 584 1105 645 demonstrasti
1118 584 1203 658 mibi,
1218 590 1251 643 et
1261 602 1317 662 ego

108 669 233 747 cognovi
251 690 343 745 usque
355 671 396 727 od
413 670 472 728 tibi
485 670 564 728 enim
578 670 708 728 revelavi
721 688 839 728 mirsam
863 688 966 741 meam,
982 668 1110 726 Domine
1123 666 1209 725 Deus
1222 684 1315 724 meus

172 750 306 811 Gradale.

170 830 235 908 Ego
248 837 356 904 autem,
370 831 441 889 dum
450 831 525 889 mihi
538 831 655 890 molesti
667 838 772 905 essent,
783 830 943 888 induebam
955 848 1003 888 me
1013 828 1125 887 cilicio:
1139 834 1171 887 et
1180 826 1318 886 humilia·

109 911 177 970 bam
191 912 225 969 in
234 912 349 989 jejunio
363 913 493 971 animam
506 932 612 984 meam,
625 919 656 971 et
669 913 764 971 oratio
777 932 843 969 mea
856 913 889 968 in
901 912 968 969 sinu
982 929 1047 968 meo
1059 914 1259 968 convertetur.

115 991 146 1053 V.
171 994 193 1051 J
195 993 288 1065 udica,
312 993 451 1066 Domine,
473 1002 613 1052 nocentes
634 1013 701 1065 me,
730 1012 869 1070 expugna
890 992 1098 1069 impugnantes
1117 1010 1186 1049 me:
1215 1008 1318 1067 appre-

108 1072 204 1132 hendo
217 1094 299 1132 arma
312 1081 343 1132 et
357 1081 483 1146 scutum,
498 1081 530 1132 et
542 1094 667 1151 exsurge
680 1074 713 1132 in
726 1073 908 1149 adjutoriam
920 1072 1003 1131 mihi.

169 1154 273 1213 Passio
283 1155 406 1213 Domini
413 1156 506 1213 nostri
513 1154 541 1211 J
538 1176 588 1213 eeu
599 1155 718 1215 Christi
748 1154 916 1213 Secundum
923 1153 1061 1212 Marcum
1074 1152 1148 1229 (orio.
1160 1170 1208 1210 rev.
1219 1148 1315 1228 1-41).

170 1235 210 1293 In
225 1236 277 1295 illo
291 1242 432 1314 tempore,
448 1237 523 1295 Erat
536 1237 650 1295 Pascha
663 1237 818 1312 etAzyma
830 1241 898 1313 post
914 1234 1039 1293 biduum
1051 1254 1143 1309 aeque
1155 1234 1197 1291 od
1210 1232 1319 1291 emissa

109 1336 181 1375 voce
193 1337 301 1395 magna
310 1318 482 1395 exspiravit.

342 1436 432 1495 Pater
452 1442 560 1494 noster.
602 1435 672 1495 Ave
686 1435 792 1496 Maria.
835 1436 875 1494 In
888 1454 994 1493 manus
1007 1441 1081 1492 tuas

108 1541 159 1621 (ei.
177 1541 238 1619 38.)
267 1542 309 1600 Et
318 1543 418 1600 velum
431 1542 536 1619 templi
549 1542 671 1601 scissum
685 1549 730 1600 est
750 1542 783 1600 in
804 1542 871 1615 duo,
888 1562 907 1599 a
924 1560 1040 1599 summo
1063 1559 1157 1617 usque
1178 1538 1315 1597 deorsum

105 1643 196 1699 uech
210 1624 251 1681 od
264 1629 295 1681 et
308 1622 373 1680 alim
387 1622 498 1695 multoe,
509 1642 575 1699 quae
588 1623 677 1680 simul
691 1643 757 1681 cum
772 1643 806 1681 eo
819 1623 1012 1681 ascenderant
1025 1619 1274 1697 Hierosolymam.

168 1704 369 1779 anuqebium.
412 1703 580 1762 Securulum
592 1704 731 1762 Marcum
751 1703 807 1780 (xi.
825 1704 939 1777 42-46).

169 1785 290 1843 Etcum
308 1784 372 1860 jam
386 1804 450 1843 sero
470 1785 582 1843 factum
605 1791 689 1855 essct,
712 1787 796 1861 (quia
812 1791 876 1842 emt
893 1784 1062 1854 Parasceve,
1076 1782 1156 1860 quod
1177 1786 1224 1839 est
1246 1785 1314 1839 ante

106 1865 285 1943 sabbatum)
299 1866 384 1922 venit
397 1864 420 1924 J
420 1865 509 1943 oseph
523 1866 561 1923 ab
574 1865 747 1924 Arimathia
760 1886 850 1942 eroque
868 1866 909 1923 od
928 1870 959 1922 et
976 1863 1110 1922 advolvit
1130 1862 1260 1940 lapidem
1277 1862 1314 1921 ed

107 1947 216 2004 ostium
231 1946 425 2005 monumenti.

170 2027 362 2101 Offcrtorirem.

169 2108 292 2166 Custodi
305 2127 361 2178 nie,
375 2107 513 2180 Domine,
527 2107 564 2165 de
577 2127 669 2165 manu
681 2106 857 2185 peccatoris:
878 2106 916 2165 ab
929 2105 1098 2165 hominibus
1111 2103 1224 2183 iniquis
1237 2104 1314 2183 eripe

109 2207 165 2261 me,
182 2189 319 2247 Domine.

169 2268 290 2327 Secreto.

170 2348 327 2418 sacrificia,
345 2368 521 2425 quaesumus,
545 2349 682 2421 Domine,
704 2370 758 2408 nos
780 2350 952 2426 propensius
973 2349 1031 2408 ista
1052 2353 1232 2421 restaurent,
1252 2365 1314 2425 qua

109 2428 333 2488 medicinalibus
346 2435 417 2486 sunt
430 2430 569 2488 instituta
578 2431 708 2508 jejuniis.
752 2431 811 2488 Per
826 2432 997 2490 Dominum.

171 2508 322 2584 Proesutio.
366 2509 427 2579 Qui
439 2510 573 2569 salutem.

172 2588 351 2649 Communia

170 2671 339 2729 Adversum
350 2691 397 2729 me
408 2672 621 2730 exercebantur
630 2673 682 2749 qui
692 2673 833 2730 sedebant
847 2673 878 2729 in
889 2678 987 2749 porta:
1007 2677 1038 2730 et
1051 2671 1084 2728 in
1095 2691 1143 2729 me
1154 2671 1316 2748 psallebant

110 2752 161 2829 qui
179 2753 320 2810 bibebant
336 2753 458 2812 vinum:
480 2773 533 2830 ego
546 2773 616 2810 vero
630 2754 794 2811 orationem
808 2774 903 2810 meam
917 2754 955 2811 ad
976 2763 1014 2825 te,
1030 2753 1180 2812 Domine:
1202 2760 1316 2829 tempus

109 2833 286 2909 beneplaciti
303 2834 393 2903 Deus,
410 2834 442 2890 in
456 2834 649 2891 multitudine
663 2835 869 2892 misericordiae
884 2843 951 2892 tuus

169 2915 412 2975 l’ostcoarmuuio.
879 2920 882 2927 '

170 2994 458 3052 Sanctificationibus
480 2996 549 3067 tuis,
565 2996 751 3072 omnipotens
768 2996 859 3064 Deus,
874 3002 904 3052 et
918 2995 992 3053 vitia
1006 3001 1109 3053 nostra
1122 3001 1275 3065 curentur,
1289 2999 1323 3052 et

110 3075 240 3132 remedia
252 3075 338 3130 nobis
352 3076 530 3151 sempiterna
544 3078 727 3152 proveniant.
770 3077 828 3133 Por
842 3076 1014 3133 Dominum.

172 3154 269 3228 Super
276 3154 429 3228 prprrrluru.

172 3233 237 3289 Tua
247 3251 300 3289 noa
311 3234 516 3306 misericordia,
526 3236 615 3305 Deus,
626 3242 656 3293 et
665 3238 703 3294 ab
714 3238 794 3295 omni
804 3237 988 3313 surreptione
998 3237 1157 3296 vetustatis
1166 3242 1327 3315 expurget,

113 3320 144 3373 et
159 3332 276 3389 capaces
289 3322 396 3370 sanctre
410 3315 552 3373 novitatis
568 3317 681 3374 efficiat
726 3317 784 3374 Por
797 3318 968 3374 Dominum.

586 3491 686 3549 Fama
707 3492 843 3562 Qunam.

179 3569 319 3645 Officium.

176 3652 215 3707 Iu
237 3652 356 3707 liciniae
380 3651 502 3709 Domini
516 3672 602 3710 omno
622 3673 699 3729 genu
721 3655 856 3711 flectatur
884 3656 1052 3728 caelestium,
1073 3659 1271 3727 terrestrium,
1291 3663 1332 3714 eb

114 3733 298 3791 infernorum
310 3753 316 3787 ε
330 3732 401 3807 quia
415 3731 560 3789 Dominus
573 3733 667 3790 frictus
681 3741 725 3790 est
739 3735 876 3792 oberlions
889 3738 1032 3812 usquead
1047 3744 1334 3811 mortem,m0rten1

113 3820 214 3872 autem
228 3812 322 3869 crucis
336 3831 342 3868 ε
363 3811 428 3868 ideo
443 3812 589 3869 Dominus
602 3814 623 3871 J
626 3832 691 3870 esus
706 3814 841 3871 Christus
854 3817 886 3872 in
899 3817 994 3892 gloria
1008 3824 1053 3875 ost
1067 3818 1127 3875 Dei
1141 3819 1250 3877 Patris.

176 3892 322 3951 Prolatus.

174 3972 312 4042 Domine,
324 3971 433 4028 exaudi
447 3971 608 4028 orationem
622 3992 717 4029 meam
734 3994 739 4030 :
766 3980 797 4031 ct
810 3975 919 4033 clamor
932 3998 1015 4034 meus
1029 3979 1066 4035 ad
1081 3986 1112 4036 te
1126 3981 1237 4038 veniat.

173 4054 321 4129 Sequatur
336 4051 437 4108 (butio
458 4052 519 4108 sirm
536 4052 682 4109 Dominus
704 4054 863 4128 vobiscum,
886 4060 934 4115 scd
956 4069 1072 4116 terrerum
1095 4081 1163 4119 cum
1183 4063 1328 4120 Oramus-

175 4136 344 4193 Flectanrus
357 4150 460 4208 genua.
504 4132 622 4188 Lovutc.

177 4215 286 4275 Oratio.

174 4298 294 4365 Praetu,
323 4310 498 4369 qrrmsunurs,
528 4290 712 4366 omnipotens
740 4292 829 4363 Deus,
862 4303 895 4355 ut
928 4301 980 4373 qui
1008 4302 1118 4360 nostris
1150 4305 1327 4365 excessibus

113 4380 293 4439 incessanter
318 4373 483 4452 affligimur,
513 4391 566 4448 per
597 4370 755 4449 Unigeniti
776 4375 822 4431 tui
843 4380 1006 4452 passionem
1033 4382 1202 4447 liberemur.
1261 4381 1325 4455 Qui

115 4475 212 4519 tecum
237 4456 322 4515 vivit
