2804 4920
414 310 509 390 Depo.
532 308 610 374 aiii.
630 317 706 394 post
729 307 941 374 Trhcitntero.
1217 315 1294 377 195-

143 478 252 537 Oratio.

141 560 338 636 Omnipotens
362 568 392 616 et
415 558 580 616 misericors
600 557 692 627 Deus,
714 557 751 615 de
771 558 856 633 cujus
876 576 998 615 munere
1018 559 1111 628 venit,
1132 566 1167 615 ut
1187 559 1243 615 tibi
1263 581 1281 616 a

78 641 216 699 fidelibus
230 641 290 697 tuis
304 640 392 717 digne
406 646 437 697 et
449 639 639 696 laudabiliter
652 639 815 696 serviatur:
836 637 936 695 tribue
948 639 1040 707 nobis,
1055 659 1232 715 quesumus,
1248 647 1282 696 ut

77 723 117 779 sd
132 722 338 799 promissiones
352 727 419 779 tuas
432 721 496 779 sine
510 721 669 778 offensione
683 739 842 778 curramus
886 719 944 776 Per
958 720 1122 777 Dominum
1136 728 1279 778 nostrum.

142 813 192 870 Ad
207 813 330 871 Gchrtar
344 813 406 889 (iii.
425 814 542 889 16-22).

143 894 278 953 Fratres:
299 895 430 952 Abrahae
452 895 538 953 dictae
559 902 630 951 sunt
650 894 857 971 promissiones
878 901 909 950 et
928 895 1034 951 semini
1054 896 1118 971 ejus
1137 902 1229 970 osque
1243 896 1284 951 ad

79 975 139 1033 Sed
163 975 308 1035 conclusit
329 977 477 1053 scriptura
500 975 600 1032 omnia
619 977 675 1032 sub
695 982 823 1052 peccate,
843 980 879 1033 ut
897 975 1051 1050 promissio
1071 996 1109 1033 ex
1131 976 1188 1034 fide
1208 976 1283 1034 Jesu

81 1056 196 1114 Christi
209 1057 331 1114 deretur
343 1057 538 1115 credentibus

146 1137 279 1196 Crudele.

143 1219 276 1296 Respice,
291 1217 430 1291 Domine,
444 1220 475 1275 in
497 1225 709 1276 testamentum
730 1225 834 1276 tuum:
855 1224 886 1275 et
905 1218 1019 1275 animes
1040 1238 1202 1296 pauperum
1220 1225 1285 1276 tuo·

81 1319 151 1356 rum
163 1319 201 1357 ne
214 1299 397 1357 obliviscaris
413 1301 446 1356 in
459 1300 556 1357 finem.

88 1382 117 1440 1'.
144 1380 287 1456 Exsurge,
309 1380 445 1452 Domine,
466 1388 497 1438 et
516 1381 619 1457 judica
642 1400 761 1438 causam
784 1388 886 1437 tuam:
913 1399 1026 1438 memor
1050 1388 1112 1438 esto
1136 1381 1286 1458 opprobrii

79 1481 234 1519 servorum
249 1473 376 1519 tuorum.

142 1542 291 1618 Alleluya
341 1543 369 1600 V.
394 1543 541 1612 Quoniam
570 1543 653 1600 Deus
676 1561 803 1619 magnus
828 1542 995 1601 Dominus:
1026 1549 1057 1600 et
1080 1563 1134 1600 rex
1161 1562 1285 1618 magnus

79 1644 171 1700 super
184 1644 302 1681 omnem
316 1630 435 1681 terram.

143 1717 312 1775 bauwarie
325 1717 439 1774 Lucam
453 1717 496 1794 (x.
515 1716 632 1793 23-37)

143 1798 183 1855 ln
197 1798 248 1856 illo
262 1805 403 1874 tempore,
419 1798 508 1854 Dixit
521 1797 542 1855 J
545 1818 611 1855 esus
631 1797 783 1872 discipulis
803 1797 882 1868 suis;
904 1797 991 1854 Beati
1011 1796 1097 1869 oculi,
1115 1795 1286 1871 quivident

80 1900 173 1954 usqae
187 1880 228 1937 ad
242 1879 282 1936 Et
295 1880 339 1936 ait
352 1879 398 1936 illi
412 1878 434 1936 J
435 1898 502 1936 esus
514 1900 519 1936 :
540 1878 635 1947 Vade,
651 1885 682 1935 et
695 1886 728 1936 tu
743 1877 789 1935 fac
803 1878 947 1936 similiter.

146 1959 340 2034 offertorium.

144 2041 182 2098 In
198 2048 228 2098 te
241 2041 364 2118 speravi,
381 2040 528 2098 Domine:
549 2040 621 2109 dixi,
637 2047 671 2096 tu
685 2059 716 2096 es
730 2040 811 2097 Deus
825 2059 916 2112 meus,
931 2039 963 2096 in
978 2039 1115 2096 manibus
1133 2038 1194 2096 tuis
1215 2043 1286 2095 tem-

81 2142 159 2199 pora
172 2141 245 2182 mee.

145 2203 267 2261 Secreta.

145 2284 278 2354 Hostias,
294 2302 469 2360 quaesumus,
486 2283 623 2352 Domine,
639 2282 785 2358 propitius
806 2282 936 2353 intende,
953 2302 1026 2358 quas
1039 2281 1128 2339 sacris
1143 2281 1286 2338 altaribus

78 2365 275 2436 exhibemus3
296 2372 331 2421 ut
344 2364 430 2422 nobis
447 2364 664 2440 indulgentiam
680 2363 840 2439 largiendo,
856 2371 909 2420 tuo
923 2364 1037 2420 nomini
1050 2363 1123 2442 dent
1136 2362 1285 2420 honorem.

84 2447 151 2504 Per.

146 2525 326 2585 Communia

74 2612 78 2619 '
145 2607 259 2664 Panem
272 2607 308 2664 de
322 2605 391 2663 caelo
405 2606 513 2663 dedisti
535 2607 627 2676 nobis,
643 2606 789 2664 Domine:
811 2606 967 2663 habentem
989 2626 1074 2662 omne
1095 2606 1287 2663 delectamen-
1337 2606 1340 2612 '

80 2697 150 2746 tum
165 2695 196 2745 et
210 2707 327 2745 omnem
341 2706 474 2763 saporem
488 2687 653 2745 suavitatis.

145 2769 388 2828 Postcommam'o.

145 2846 289 2908 Viviticct
301 2869 364 2920 nos,
376 2868 550 2927 quaesumus,
564 2849 701 2921 Domine,
715 2850 805 2926 hujus
818 2849 1006 2925 participatio
1020 2855 1122 2905 sancta
1135 2848 1286 2923 mysterii:

79 2939 113 2990 et
127 2932 241 3008 pariter
254 2931 339 2987 nobis
359 2931 557 3006 expiationem
579 2930 693 2987 tribnat
712 2936 744 2988 et
764 2932 923 2988 munimen.
967 2928 1025 2986 Per
1039 2928 1202 2986 Dominum
1223 2947 1286 2986 nos-

78 3026 166 3070 trum
179 3013 201 3071 J
202 3031 286 3069 esum
301 3011 461 3068 Christum.

555 3165 657 3223 Fsam
678 3164 818 3234 Quinam

143 3294 196 3350 Ad
211 3290 381 3352 Corinthios
395 3293 425 3368 (2
447 3312 472 3349 o.
491 3292 583 3368 1-11).

144 3375 282 3432 Fratres:
311 3373 435 3442 Scimus,
448 3373 597 3449 quonism,
613 3372 638 3429 si
652 3371 801 3429 terrestris
821 3371 925 3427 domus
946 3390 1036 3444 usque
1056 3371 1097 3427 ad
1117 3370 1288 3429 manifestos

79 3477 138 3514 nos
154 3474 226 3525 esse,
242 3455 302 3513 Per
314 3455 336 3513 J
338 3473 420 3511 esum
435 3453 598 3524 Christum,
613 3453 775 3511 Dominum
790 3459 931 3508 nostrum.

145 3547 315 3606 Secundam
326 3547 499 3604 Marsicam
514 3546 582 3622 (xii.
602 3547 716 3622 14-21).

145 3628 186 3686 In
199 3629 251 3685 illo
264 3636 405 3704 tempore,
423 3629 578 3685 Abeuntes
592 3627 734 3684 Pherisaei
754 3627 911 3684 concilium
932 3625 1082 3684 faciebant
1102 3645 1191 3700 resque
1205 3628 1245 3684 ad
1258 3633 1289 3684 et

79 3715 113 3771 in
129 3709 252 3767 nomine
265 3711 329 3786 ejus
343 3718 446 3786 gentes
460 3711 630 3785 sperabunt.

571 3904 671 3961 Fssm
692 3903 802 3961 Suum.

146 4026 198 4084 Ad
214 4028 362 4086 Romanos
375 4026 442 4104 (cii.
462 4028 575 4104 14-25).

147 4109 285 4166 Fratres:
306 4108 422 4165 Scimus
424 4110 587 4184 ,quoniam
609 4108 657 4165 lex
678 4108 842 4184 spiritualis
863 4116 908 4166 est
929 4129 1018 4184 uoq-ra:
1039 4110 1080 4165 ad
1101 4109 1206 4166 Gratia
1224 4110 1289 4178 Dei,

80 4210 137 4270 per
151 4190 257 4248 Jesum
272 4189 433 4261 Christum,
450 4190 613 4247 Dominum
627 4197 769 4248 nostrum.

146 4283 315 4342 &ezendum
330 4282 442 4339 Dicam
456 4283 525 4356 (ati
546 4284 594 4338 13-
598 4284 661 4358 24)

147 4364 188 4422 In
212 4365 265 4422 illo
288 4370 430 4440 tempore,
451 4365 510 4420 Ait
537 4365 574 4420 ad
596 4364 700 4422 Jesum
725 4365 845 4440 quidem
869 4367 905 4423 dc
932 4366 1037 4424 turba:
1069 4365 1139 4423 ola«
1122 4312 1221 4444 gister,
1246 4367 1294 4424 dic

80 4446 176 4506 fiatri
190 4464 255 4505 meo
269 4464 361 4520 copia
374 4446 415 4502 ad
429 4451 461 4502 et
475 4445 558 4503 Deus
571 4447 665 4522 pascit
679 4446 753 4506 illos.
