2804 4920
437 309 547 378 Missa
567 308 608 376 do
628 310 752 378 Sancto
775 308 911 376 Tucca

566 500 657 560 Faria
669 510 785 576 quarta.

458 605 562 667 Missi
580 623 640 666 nno
660 606 896 667 Fsurnrimnus

138 686 280 763 Officium.

136 767 223 827 Salus
249 768 352 847 populi
378 788 432 846 ego
454 788 528 842 sum,
547 768 622 827 dicit
640 768 805 841 Dominus3
832 767 869 826 de
890 787 1065 845 quacunque
1084 768 1275 828 tribulatione

82 848 268 908 damavcrint
280 850 319 907 ad
331 868 387 921 mo,
401 850 558 908 exaudiam
572 869 630 920 cos,
641 856 673 907 ct
685 869 736 907 ero
748 848 868 907 illorum
882 849 1031 906 Dominus
1043 849 1077 907 in
1090 856 1272 928 perpetuum.

134 928 177 1068 {re
191 940 313 1007 tempore
325 930 473 1004 Pustruli,
487 930 635 1008 Alleluya,
649 929 784 1007 alleluya.

164 1011 282 1069 salmas.

113 1171 120 1185 .
136 1092 306 1165 Attendite,
315 1091 423 1170 popule
436 1112 528 1166 meus,
538 1093 633 1170 legem
646 1111 742 1150 meam
755 1113 762 1150 :
776 1090 887 1149 inclina
897 1110 995 1150 aurem
1007 1098 1136 1150 vestram
1144 1092 1177 1149 in
1185 1093 1276 1152 verba

82 1190 137 1231 ons
151 1192 217 1234 mei

139 1252 250 1313 Oratio.

135 1333 226 1400 Deus.
249 1333 302 1410 qui
314 1334 447 1392 curiatis
459 1334 539 1392 dona
560 1352 615 1410 por
637 1332 764 1412 gratiam
778 1333 880 1392 Sancti
901 1331 1032 1410 Spiritus
1051 1340 1172 1393 tuorum
1185 1333 1274 1393 corda

82 1414 207 1473 fidelium
228 1414 375 1486 infudisti,
396 1415 435 1473 da
458 1413 577 1473 famulis
598 1416 659 1473 tuis
680 1421 711 1472 et
733 1414 899 1472 famulabus
920 1413 981 1471 tuis
1001 1432 1056 1491 pro
1069 1413 1177 1491 quibus
1190 1420 1274 1472 tuam

82 1496 267 1573 deprecamur
279 1495 474 1569 clementiam,
487 1495 613 1554 salutem
636 1495 745 1553 mentis
764 1501 795 1553 et
815 1494 953 1572 corporis,
968 1500 1004 1551 ut
1026 1502 1058 1553 te
1079 1501 1142 1553 tota
1160 1495 1274 1555 virtute
1346 1534 1349 1540 ·

82 1577 209 1653 diligant,
221 1585 253 1634 et
262 1576 392 1653 quaetibi
401 1576 509 1654 placita
519 1582 591 1634 sunt
600 1582 664 1635 tota
674 1576 830 1634 dilectione
837 1575 999 1654 perficiant.
1031 1575 1271 1636 PerDominum.

82 1657 116 1716 In
130 1657 246 1715 unitate
259 1657 397 1733 ejusdem.

135 1738 231 1797 Lectio
245 1738 313 1796 libri
325 1737 478 1813 Sapientia
487 1736 617 1814 (Ecclue.
632 1738 727 1795 moi
746 1736 839 1814 1-10).

134 1818 278 1877 Miserere
291 1818 386 1876 nostri
398 1838 490 1894 resque
502 1820 544 1877 ud
556 1818 706 1876 mirabilia
718 1825 780 1889 tua,
796 1817 924 1876 Domine
937 1818 1020 1877 Deus
1032 1823 1141 1877 noster.

138 1898 273 1958 Gracco.

136 1979 289 2057 Propitius
310 1985 383 2054 esto,
399 1979 536 2052 Domine,
560 1976 836 2057 peccatisnostris:
856 1997 953 2056 neque
966 1978 1067 2038 dicant
1089 1984 1201 2057 gentos,
1221 1979 1275 2038 ubi

82 2067 122 2118 cst
135 2060 219 2119 Deus
232 2080 340 2119 eorum.

83 2142 108 2198 V,
130 2141 253 2218 Adjuvs
267 2161 329 2215 nos,
346 2140 428 2199 Deus
441 2140 579 2200 salutaris
586 2146 704 2200 noster:
724 2147 756 2199 et
776 2146 896 2218 propter
915 2140 1057 2199 bonorem
1074 2140 1203 2200 nominis
1215 2140 1272 2214 tui,

82 2222 216 2293 Domino,
231 2222 323 2280 libera
336 2241 397 2280 nos.

134 2302 283 2378 Alleluyu.
346 2302 374 2361 V.
411 2302 542 2361 Ostende
568 2302 662 2375 nobis,
691 2302 827 2374 Domine,
855 2301 1085 2361 misericordiam
1110 2307 1211 2362 tuam:
1241 2308 1274 2361 et

82 2383 205 2442 salutare
217 2390 305 2441 tuum
319 2384 357 2441 da
367 2383 459 2441 nobis.

134 2464 303 2523 θωιωιᾶαπι
315 2465 454 2522 Marcum
467 2463 536 2541 (xii
553 2462 672 2539 4144).

133 2545 174 2604 In
187 2545 240 2603 illc
253 2553 393 2622 tempore,
405 2545 515 2604 Sedens
528 2545 549 2603 J
551 2565 617 2603 esus
630 2551 733 2602 contra
745 2544 984 2622 gazophylacium
1002 2565 1093 2621 usquc
1106 2545 1147 2603 ed
1160 2544 1273 2604 uictum

82 2644 166 2685 sunm.
1264 2648 1267 2653 ·

135 2706 330 2782 offertorium

135 2788 222 2846 Sicut
246 2788 279 2845 in
305 2787 508 2845 holocaustum
532 2788 658 2845 amatum
686 2792 717 2845 et
736 2792 902 2859 taurorum3
926 2791 958 2844 et
973 2784 1051 2844 sicut
1079 2786 1110 2843 in
1141 2784 1272 2844 millibus

82 2886 219 2946 ignorum
236 2869 411 2945 pinguium,
431 2870 473 2926 sic
490 2869 543 2926 fiat
555 2868 730 2926 sacrificium
743 2876 878 2925 nostrum
895 2868 927 2924 in
940 2874 1097 2943 cometa
1110 2875 1162 2924 tuo
1175 2866 1272 2940 hodic,

82 2958 110 3007 nt
121 2949 238 3026 placeat
247 2951 312 3023 tibi,
324 2950 396 3026 quia
408 2969 469 3008 non
482 2957 527 3007 est
541 2949 672 3008 confusio
685 2948 901 3007 confidentibus
912 2947 947 3005 in
959 2955 998 3021 te,
1012 2946 1148 3006 Domine.

134 3110 287 3184 Miserere,
302 3130 478 3187 quesumus,
494 3110 631 3183 Domine,
645 3108 764 3168 famulis
777 3117 809 3167 ot
828 3108 994 3167 famulabus
1007 3108 1076 3182 tuis,
1090 3126 1144 3184 pro
1164 3107 1271 3184 quibus

82 3189 132 3249 boc
158 3191 333 3250 sacrificium
360 3191 455 3250 laudis
482 3197 542 3249 tuae
569 3192 718 3249 offerimus
745 3191 894 3267 majestati
906 3211 915 3263 3
940 3195 976 3246 ut
1001 3207 1054 3266 per
1080 3188 1141 3246 haeu
1168 3195 1271 3246 sancta

82 3289 208 3349 rupernre
222 3272 435 3330 benedictionis
447 3272 574 3350 gratiam
587 3273 751 3344 obtineant,
766 3282 797 3329 et
810 3271 934 3349 gloriam
948 3277 1065 3329 aterna
1078 3267 1272 3328 beatitudinis

82 3353 237 3430 requirent
281 3353 345 3413 Per.

136 3433 318 3494 Communia.
1257 3454 1261 3463 ·

135 3514 324 3607 Amen,·dico
344 3515 440 3573 vobis:
461 3513 609 3605 Quicquid
625 3518 741 3572 orantes
758 3513 869 3591 petitis,
889 3512 1006 3586 credite,
1024 3511 1095 3589 quia
1112 3510 1259 3589 accipietis

82 3600 109 3652 et
120 3594 376 3735 fidbfflmuuio.

134 3756 246 3815 Divina
255 3757 382 3814 libantes
395 3756 543 3832 mysteria,
559 3775 735 3832 quaesumus,
747 3754 884 3826 Domine,
898 3760 934 3813 ut
947 3754 1008 3812 hoec
1021 3752 1162 3812 salutaria
1174 3771 1266 3811 sacra·

84 3843 176 3895 nanta
187 3837 248 3895 illis
259 3837 415 3913 proficiant
427 3837 465 3895 ad
477 3838 702 3915 prosperitatem
715 3844 746 3896 ct
755 3856 863 3914 pacem,
879 3855 932 3913 pro
945 3854 1070 3912 quorum
1083 3851 1266 3911 quarumque

84 3913 230 3977 dilectione
243 3918 305 3977 hac
317 3924 376 3977 tuae
390 3917 553 3977 obtulimus
565 3918 720 3995 majestati
763 3917 822 3976 Per
834 3916 1003 3975 Dominum
1046 3914 1107 3987 Qui
1119 3920 1224 3974 tecum.

562 4077 653 4140 Faria
665 4079 778 4156 quintu.

438 4185 539 4245 Missi
558 4203 599 4245 nn
620 4186 737 4245 Siucro
758 4182 898 4245 Tauria*

140 4288 277 4367 Officium
320 4290 434 4351 Statuit
446 4291 482 4349 ei.

138 4370 279 4433 Paulinus
324 4371 541 4431 Misericordiae
553 4371 683 4431 Domini

485 4492 500 4520 ⁵
515 4491 568 4541 uu·
582 4488 858 4540 unumunurm
