2806 4920
511 337 607 404 Feta
628 336 824 403 Decembris.
1201 342 1264 405 225

64 502 212 579 praesidiis
232 502 352 575 muniri,
366 504 450 580 cujus
463 503 662 581 conceptionis
680 523 763 564 sacra
782 503 937 563 sollemnia
953 524 1082 583 congrua
1101 505 1268 584 frequente-

65 583 149 641 tione
163 589 329 642 veneratur.
372 584 430 643 Per
444 584 634 644 Dominum?

129 675 271 814 gistela
314 676 378 754 Ego
391 677 475 754 quasi
488 677 568 750 vitis,
582 698 677 753 quoere
689 678 724 735 ivr
736 677 900 738 Nativitcte
913 677 1047 755 quedem.

129 837 223 910 Audi,
247 837 317 911 filia,
341 844 373 896 et
395 839 473 910 vide,
497 846 528 896 et
550 838 660 897 inclina
686 859 787 898 aurem
811 847 901 913 tuam,
927 840 998 918 qaia
1021 842 1190 921 concupivit
1212 862 1267 902 rex

68 918 196 995 speciem
208 924 300 978 tuam

74 999 106 1058 V.
132 999 235 1076 Specie
248 1005 301 1057 tua
314 1005 346 1058 et
358 999 557 1077 pulcritudine
570 1006 624 1058 tua
636 1001 757 1058 intende
769 1020 915 1078 prospere,
929 1003 1052 1078 procede
1065 1010 1097 1062 et
1109 1023 1208 1082 regna.

130 1079 280 1157 Alleluye.
328 1081 357 1139 V.
380 1080 540 1158 Conceptio
552 1081 684 1158 gloriosa
697 1081 833 1157 Virginis
843 1082 948 1141 Maria
961 1103 1000 1142 ex
1013 1085 1124 1144 semine
1137 1085 1267 1144 Abrahae

69 1168 211 1238 concepta
224 1161 260 1219 de
273 1160 356 1219 tribu
369 1161 392 1219 J
391 1162 459 1233 uda,
474 1161 551 1219 clare
565 1181 603 1219 ex
616 1163 708 1238 stirpe
722 1162 828 1220 David.

131 1252 296 1328 Sequmtia
338 1253 409 1311 Allo
422 1253 542 1313 caeleste

130 1333 333 1409 Euangeliuua
375 1334 466 1392 Liber
478 1335 683 1412 generationis,
699 1344 732 1392 ut
751 1335 782 1392 iu
795 1335 959 1396 Nativitcte
972 1337 1105 1413 ffusdcm.

133 1413 327 1489 Offertoricm.

132 1495 251 1554 Diffirea
271 1502 316 1553 est
338 1496 435 1572 grstia
455 1496 488 1553 in
510 1495 596 1554 labiis
618 1495 693 1555 tuis:
723 1503 878 1573 propterea
901 1499 1053 1557 benedixit
1076 1506 1107 1557 te
1131 1499 1213 1559 Deus
1236 1500 1269 1558 in

69 1583 223 1649 aeternum,
239 1582 269 1635 et
283 1577 315 1633 in
328 1576 466 1634 saeculum
480 1576 584 1635 saeculi.

131 1669 253 1728 Smeta.

136 1750 310 1823 Salutarem,
325 1750 511 1827 omnipotens
532 1749 629 1819 Pater,
643 1750 770 1809 hostiam
792 1751 983 1825 immolantes,
1008 1753 1197 1830 imploramus
1218 1755 1272 1813 cle·

70 1832 215 1889 mentium
228 1838 319 1904 tuam,
334 1837 371 1889 ut
383 1831 538 1907 genetricis
552 1831 623 1888 Filii
635 1831 683 1888 tui
696 1831 906 1909 supplicatione
919 1832 1060 1910 placatus,
1072 1854 1124 1911 per
1137 1855 1200 1892 eam
1214 1855 1268 1894 nos

69 1920 102 1969 et
115 1933 133 1970 a
146 1913 272 1988 peccetis
285 1912 426 1984 absolvas,
441 1913 522 1969 etad
536 1911 677 1970 visionem
694 1913 794 1990 gloriae
807 1919 867 1970 tuas
880 1914 1027 1991 perduces
1072 1914 1130 1973 Per
1143 1917 1268 1974 eundem

72 1992 245 2051 Dominum.

134 2072 313 2133 Cornmuvsic.

134 2153 251 2212 Diffisse
273 2161 318 2213 est
340 2155 435 2231 gratia
456 2153 489 2212 in
511 2154 596 2212 labiis
621 2155 698 2212 tuis:
727 2161 881 2232 propterea
902 2156 1055 2214 benedixit
1078 2166 1107 2214 te
1132 2158 1213 2217 Deus
1237 2159 1269 2215 in

70 2242 225 2295 aeternum

134 2315 373 2375 Poetcommunio.

134 2397 266 2455 Caelestis
279 2397 424 2455 alimonia
434 2397 564 2474 vegetati
576 2397 724 2469 libamine,
736 2417 911 2474 quaemus,
924 2399 1051 2457 Domine
1064 2399 1147 2459 Deus
1161 2407 1269 2474 noster,

71 2484 109 2535 ut
121 2496 176 2536 noe
188 2479 320 2555 gloriosae
333 2497 446 2554 semper
458 2477 582 2553 virginis
596 2477 701 2535 Mariae
716 2479 856 2536 continua
875 2480 974 2538 foveat
993 2480 1170 2553 intercessio,
1186 2483 1269 2558 cujus

70 2565 181 2617 nostra
195 2578 282 2618 causa
294 2559 398 2618 salutis
411 2558 528 2616 exstitit
541 2558 681 2617 hodierna
695 2559 853 2636 conceptio.
898 2559 954 2617 Per
969 2560 1137 2619 Dominum.

352 2819 465 2880 Sauum
486 2818 619 2891 Daussr,
643 2835 732 2876 sarm
777 2817 829 2894 (iii.
847 2817 891 2875 Id.
908 2817 992 2895 Dee.)

136 2926 246 2987 Oratio

134 3007 367 3067 Misericordiam
387 3012 470 3064 tuam
490 3006 583 3077 nobis,
601 3004 737 3075 Domine,
752 3023 925 3081 quaesumus,
947 3003 1163 3063 interveniente
1183 3005 1269 3064 besto

71 3090 236 3148 confessore
249 3093 302 3146 tuo
315 3088 451 3156 Damaso,
467 3085 626 3144 elementer
642 3085 785 3162 impende,
801 3091 831 3142 et
851 3085 935 3141 nobis
956 3085 1156 3162 peccatoribus
1176 3086 1269 3162 ipsius

71 3171 233 3249 propitiare
245 3169 398 3245 suffragiis
441 3168 505 3225 Per.

133 3264 253 3324 Secreta

135 3346 184 3403 Da
203 3344 298 3416 nobis,
313 3342 448 3414 Domine,
464 3359 638 3418 quaesumus,
654 3358 768 3415 semper
787 3339 849 3398 haee
869 3340 925 3397 tibi
945 3346 1016 3398 vote
1035 3347 1188 3418 gratamm
1207 3362 1269 3420 per-
1341 3349 1343 3354 ’

72 3426 194 3497 solvere,
210 3425 317 3502 quibus
330 3423 423 3482 sancti
437 3421 607 3480 confessoris
620 3421 667 3478 tui
687 3421 808 3477 Damasi
822 3420 1033 3497 depositionem
1047 3423 1201 3482 recolimus
1209 3444 1219 3496 ;
1239 3437 1269 3483 et

71 3514 190 3586 praesta,
205 3512 240 3564 ut
252 3506 316 3582 ejus
329 3504 415 3563 laude
429 3522 542 3580 semper
554 3511 637 3560 tuam
651 3501 774 3578 gloriam
788 3502 985 3578 praedicemus.
1031 3502 1096 3562 Per.

135 3597 377 3658 Poetcommunic.

135 3681 301 3757 Sumptum,
330 3677 465 3749 Domine,
493 3676 615 3734 caelestis
642 3675 762 3732 remedii
793 3681 1007 3733 sacramentum
1033 3677 1071 3734 ad
1098 3685 1267 3755 perpetuam

70 3763 158 3821 nobie
171 3760 326 3839 provenire
338 3759 464 3836 gratiam
476 3758 579 3816 beatus
593 3755 738 3814 Damasus
751 3756 885 3832 pontifex
898 3757 1037 3815 obtineat.
1080 3758 1145 3817 Per.

85 3935 98 3958 ⁸
110 3933 164 3978 Me.
175 3931 245 3992 gives
255 3930 292 3976 for
302 3931 343 3976 the
353 3928 486 3975 remaindcr
497 3928 522 3973 oi
531 3927 581 3973 this
591 3926 659 3971 Mass
667 3942 705 3971 :-

134 4008 249 4055 Manem
264 4007 291 4053 dc
307 4007 417 4064 Adventu,
434 4011 454 4050 et
473 4009 547 4050 cetera
564 4003 639 4049 omma
655 4009 680 4047 ut
703 4002 728 4047 in
744 4002 869 4048 Nausicaa
887 4004 989 4065 ejmdou,
1006 4010 1096 4064 eccepto
1116 4005 1176 4065 qaod
1191 4020 1268 4051 acmen

74 4067 220 4116 Nativitstis
228 4065 350 4112 semitm
358 4065 382 4112 in
391 4079 470 4110 comen
480 4062 648 4121 Conceptionis
658 4076 704 4131 per
713 4062 768 4107 istae
777 4069 890 4122 regamus
901 4062 1024 4108 Orationes

134 4128 234 4173 Secreta·
275 4125 412 4179 sanctifica,
430 4136 573 4181 quaesumus,
594 4122 703 4175 Domine,
723 4134 822 4166 munera
844 4122 917 4166 oblati
939 4122 1067 4180 libaminis,
1086 4126 1110 4168 ct
1133 4123 1207 4168 beate
1223 4123 1268 4169 Dei

73 4186 205 4248 genetricis
215 4184 372 4232 saluberrima
380 4181 549 4228 intercessione
559 4180 629 4225 nobie
639 4181 753 4226 salutaria
762 4181 812 4226 iore
822 4181 931 4226 concedo.
962 4182 1015 4226 Per.

134 4244 253 4307 Pressets'c.
284 4242 316 4289 Et
326 4249 349 4289 te
359 4242 384 4287 in
394 4240 546 4298 conceptione
556 4240 637 4285 beuter.

134 4301 319 4351 Poetccmmcsio.
349 4299 443 4359 Repleti
452 4300 568 4345 vitalibus
577 4298 700 4343 elementis
714 4301 739 4343 et
749 4298 840 4343 divinis
855 4299 955 4368 reparati
970 4299 1098 4356 mysteriis,
1108 4299 1230 4357 supplices
1245 4303 1269 4346 te

74 4378 198 4424 rogamus,
204 4362 356 4420 omnipotens
366 4359 440 4416 Deus,
447 4363 475 4405 nt
482 4358 522 4417 qui
528 4358 602 4403 boam
609 4357 694 4402 Mariis
701 4372 794 4415 semper
802 4358 904 4414 virgime
912 4358 1069 4404 venerandam
1078 4358 1203 4405 recolimus
1213 4373 1271 4405 con-

73 4425 216 4484 septenam,
229 4421 282 4482 ejus
297 4419 337 4481 pia
352 4419 523 4466 intercessione
539 4416 653 4476 conjungi
666 4430 798 4463 mercemur
814 4417 909 4476 gaudiis
925 4416 1015 4464 civium
1029 4430 1193 4478 supernorum.
1224 4418 1271 4464 Per

74 4483 215 4531 Dominum.
