2804 4920
238 333 342 400 Furio
363 334 406 401 ie.
432 335 599 417 Quattuor
622 335 825 424 Temperiem
848 337 1127 424 Quadrupesimoe.
1237 343 1279 409 49

132 499 273 578 Sequitur
308 501 411 562 Oratio
444 503 505 562 siue
532 504 680 562 Dominus
713 505 873 578 vobiscum,
916 507 966 565 eod
999 528 1066 566 cum
1099 507 1225 566 Oremus
1252 519 1278 567 et

70 583 241 642 Flectemus
260 602 364 660 genus„

134 663 244 725 Oratio.

131 746 238 804 Preces
262 752 386 819 nostras,
408 765 584 823 quesumus,
607 747 744 820 Domine,
771 747 931 807 clementer
955 749 1064 817 exaudi
1076 769 1084 821 ;
1117 757 1148 809 et
1171 757 1274 809 contre

70 833 178 885 cuncta
198 826 284 884 nobis
304 827 500 901 adversantia,
522 827 677 886 dexteram
696 835 757 886 tues
777 830 940 906 mejestatis
960 831 1094 889 extende.
1138 831 1196 890 Per
1215 833 1273 890 Do

69 927 194 965 mmum.

129 990 226 1048 Lectio
239 989 308 1047 libri
320 989 419 1047 Exodi
438 989 530 1065 (mio,
548 990 662 1067 12-18).
1239 1062 1242 1066 Δ

129 1071 169 1128 In
190 1071 294 1128 diebus
314 1070 383 1141 illis,
398 1071 487 1127 Dixit
503 1071 650 1128 Dominus
665 1071 704 1129 ed
718 1071 861 1149 Moysen:
882 1073 1020 1132 Ascende
1033 1073 1071 1131 ed
1085 1093 1131 1132 me
1145 1074 1178 1132 in
1191 1093 1274 1133 mon·

69 1158 129 1209 tem
142 1172 233 1227 usquo
247 1153 288 1209 ad
301 1157 332 1209 et
344 1151 405 1209 fuit
417 1151 460 1209 ibi
474 1151 669 1229 quadraginta
682 1153 785 1212 diebus
799 1160 829 1212 et
842 1154 1038 1231 quadraginta
1050 1155 1194 1214 noctibus

130 1232 264 1291 Crudele.

127 1313 348 1372 Tribulationes
368 1312 463 1371 cordis
483 1314 543 1372 mei
562 1313 694 1372 dilatatae
707 1321 796 1373 sunt:
817 1314 854 1373 de
866 1316 1091 1375 necessitutibus
1103 1317 1176 1375 meis
1191 1319 1270 1395 eripe

67 1415 123 1468 me,
140 1395 276 1453 Domine.

72 1478 100 1535 l'.
126 1477 207 1535 Vide
217 1475 418 1534 humilitatem
431 1495 527 1533 meam
541 1481 572 1533 et
585 1475 716 1535 laborem
728 1496 827 1535 meum
839 1499 845 1535 ε
867 1484 897 1536 et
907 1477 1025 1536 dimitte
1038 1478 1138 1537 omniu
1150 1486 1270 1556 peccate

64 1577 137 1617 meu

124 1638 197 1696 Nou
209 1647 357 1714 repetatur
372 1636 508 1708 (tractate,
522 1639 571 1695 sed
583 1648 723 1713 sequatur

124 1719 273 1778 Dominus
293 1719 453 1790 vobiscum,
469 1727 495 1776 et
509 1717 677 1776 Flectamus
690 1738 793 1797 genus.

126 1800 235 1859 Oratio

123 1882 322 1939 Devotionem
343 1880 445 1956 populi
466 1879 519 1952 tui,
543 1899 718 1956 quaesumus,
741 1881 878 1953 Domine,
900 1881 1046 1959 benignus
1065 1883 1206 1941 intende:
1230 1891 1266 1942 ut

65 1964 114 2039 qui
134 1982 187 2039 per
207 1962 419 2019 abstinentium
446 1968 634 2018 macerantur
653 1962 685 2018 in
706 1981 834 2039 corpore,
856 1982 909 2040 per
928 1963 1058 2021 fructum
1079 1963 1150 2021 boni
1171 1967 1266 2042 operis

66 2045 232 2101 reficiuntur
245 2044 277 2100 in
291 2050 399 2100 mente.
442 2041 502 2099 Per
516 2043 685 2102 Dominum.

120 2125 181 2183 Hic
193 2125 335 2181 dicuutur
347 2123 491 2181 uremorioe
505 2133 649 2182 eoruuetae.

120 2207 215 2264 ἰπὶ-ὼ
229 2206 298 2263 libri
311 2205 424 2280 Rufum
444 2203 481 2280 (3
501 2203 559 2260 eiu.
577 2205 650 2281 3-8)

120 2288 159 2344 In
179 2287 283 2344 diebus
303 2286 370 2358 illis,
386 2285 481 2342 Venit
495 2284 599 2343 Helius
613 2286 645 2342 in
660 2286 803 2344 Bersabee
816 2286 838 2343 J
840 2285 898 2343 uda
911 2307 1002 2362 euque
1015 2289 1056 2345 ed
1069 2287 1263 2366 quadraginta

70 2365 161 2426 diebus
175 2374 206 2425 et
219 2367 416 2444 quadraginta
429 2365 573 2439 noctibus,
589 2386 682 2443 usque
696 2366 734 2424 ed
749 2373 880 2424 montem
895 2368 954 2426 Dei
968 2367 1082 2427 Horeb.

123 2449 255 2507 Tractus.

120 2532 165 2589 De
185 2529 418 2600 necessitutibus,
432 2538 466 2585 ut
480 2549 571 2605 supro
584 2528 618 2585 iu
631 2530 757 2586 oeeurulo
769 2529 866 2588 Ferte.

119 2612 287 2671 Securuium
300 2610 475 2667 Mattlroeurrr
494 2610 562 2687 (eit.
581 2609 695 2687 38-50).
769 2644 772 2650 n

118 2693 157 2751 In
170 2693 223 2750 illo
236 2698 377 2768 tempore,
392 2692 589 2748 Accesserunt
602 2691 640 2748 ud
654 2690 676 2747 J
677 2709 757 2748 esum
773 2690 881 2748 Scribae
895 2695 926 2748 et
940 2690 1091 2763 Pharisaei,
1108 2691 1259 2764 dicentes3

61 2764 209 2852 Magister,
232 2772 369 2830 uolumus
392 2791 409 2829 a
436 2778 467 2829 te
494 2772 612 2848 signum
632 2771 732 2829 videre
752 2791 842 2846 utque
862 2772 904 2828 od
923 2771 1088 2848 ipse.meus
1107 2771 1207 2844 freter,
1229 2779 1260 2830 et

56 2864 146 2928 Soror,
160 2861 191 2913 et
204 2861 301 2912 mater
314 2860 365 2911 est

118 2936 311 3011 offertorium.

116 3016 285 3075 Meditebor
303 3015 336 3072 in
349 3014 497 3073 mendatis
510 3015 571 3073 tuis
584 3033 650 3091 quse
664 3012 757 3072 dilexi
770 3011 857 3071 redde
869 3035 876 3071 :
897 3019 929 3071 et
941 3012 1045 3071 levabo
1058 3032 1165 3071 manus
1178 3033 1258 3073 mess

43 3089 86 3148 ad
103 3099 245 3156 mandate
259 3104 312 3155 tua
325 3116 390 3172 quae
405 3096 505 3155 dilexi

115 3179 239 3318 {giiii
263 3259 327 3331 tibi,
353 3258 490 3330 Domine,
513 3256 687 3334 placationis
711 3256 879 3314 offerimus:
907 3262 996 3314 utet
1020 3256 1128 3314 delicta
1154 3263 1255 3316 nostra

35 3332 207 3400 miseratus
220 3341 361 3413 absolvas,
377 3349 408 3396 et
425 3338 565 3396 nutantia
578 3339 665 3396 corda
679 3344 713 3394 tu
727 3337 843 3415 diriges
887 3337 946 3395 Per
959 3338 1130 3396 Dominum·

114 3422 297 3482 Cornmuuio.

113 3503 254 3580 Intellige
274 3501 431 3561 clamorem
451 3520 566 3558 meum:
588 3498 709 3557 intende
722 3500 788 3558 voci
808 3498 949 3558 orationis
964 3518 1046 3571 mese,
1061 3518 1114 3556 rex
1128 3519 1210 3558 meus
1224 3507 1255 3558 et

31 3561 134 3643 Deus
147 3604 240 3657 meus,
255 3584 395 3660 quonium
408 3583 447 3640 ud
460 3591 491 3640 te
504 3582 601 3652 orabo,
618 3581 753 3639 Domine.

111 3665 352 3725 Portemnmuuio.

112 3747 167 3805 Tui
191 3766 253 3819 nos,
276 3745 413 3816 Domine,
435 3745 621 3821 perceptione
645 3742 822 3801 sacrementi
846 3748 876 3799 et
899 3760 918 3798 e
941 3741 1051 3799 nostris
1074 3741 1253 3800 mundemur

27 3823 179 3901 ⁰00u1tis,
193 3834 224 3886 et
238 3828 276 3885 sb
290 3826 420 3884 hostium
434 3827 593 3883 liberemur
606 3824 728 3882 insidiis.
772 3822 831 3880 Per
844 3822 1015 3880 Dominum.

111 3909 204 3985 Super
220 3907 373 3985 populum.

111 3989 228 4048 Mentes
248 3995 372 4062 nostras,
389 4007 564 4065 quaesumus,
580 3987 717 4058 Domine,
737 3985 850 4043 lumine
869 3990 929 4043 tuse
950 3984 1095 4043 claritatis
1114 3985 1251 4045 illustre:

28 4059 76 4113 ¹¹¹⁵
94 4071 195 4129 videre
215 4072 360 4148 possimus
379 4090 445 4147 quae
466 4069 579 4147 agenda
598 4075 677 4141 sunt,
692 4076 723 4126 et
737 4087 803 4144 quse
817 4074 896 4125 recte
909 4073 979 4124 sunt
993 4085 1078 4144 egere
1092 4067 1249 4125 veleamus,

31 4124 293 4210 Peroominum.

522 4231 622 4289 Fsurr
644 4230 774 4301 Qorutt.

117 4310 249 4388 Officium.

42 4451 49 4464 ,
116 4392 257 4455 Confessio
270 4402 302 4454 et
315 4395 505 4473 pulchritudo
518 4396 551 4454 ln
565 4399 720 4472 conspectu
734 4393 815 4470 ejus:
836 4391 975 4452 sanctitas
988 4397 1019 4449 et
1033 4388 1251 4468 magnificentie

40 4470 81 4519 ul
99 4477 325 4520 muntilimlinm
339 4478 402 4520 niun
