2804 4920
293 355 435 422 Subboto
459 355 627 437 Quattuor
650 356 853 443 Temperatur
875 356 1061 422 Adventus.
1249 360 1268 424 9

115 523 258 699 {hillidii
270 605 353 663 Deus
370 604 529 679 virtutum,
544 609 684 664 converte
705 623 779 664 nos:
807 611 838 663 et
861 606 983 664 ostende
1006 605 1112 664 faciem
1130 609 1224 677 tuam,
1238 611 1269 663 et

54 685 394 841 VlnEibiltlhifflDomine,
410 768 575 845 potentiam
589 774 673 825 tuam
688 773 718 825 et
732 767 820 826 veni:
841 773 876 825 ut
889 767 986 826 salvos
999 766 1088 825 facias
1102 786 1163 825 nos.

117 863 242 1017 ἓξὲξ,
253 964 430 1022 quaesumus,
442 944 629 1021 omnipotens
643 945 734 1017 Deus,
750 949 786 1002 ut
800 944 871 1002 Filii
883 945 930 1002 tui
944 951 1072 1003 ventura
1085 945 1267 1005 sollemnitas

53 1033 87 1083 et
108 1025 262 1102 presentis
280 1026 366 1084 nobis
385 1027 455 1084 vitae
477 1025 608 1084 remedia
627 1025 768 1099 conferat,
791 1032 823 1083 et
843 1028 964 1103 praemia
985 1033 1097 1084 aeterna
1117 1028 1265 1087 concedat.

56 1107 215 1247 perlectae
229 1188 328 1245 Esaia
342 1188 493 1264 Prophetes
509 1187 584 1266 (xlc.
600 1188 646 1245 1-8
649 1190 679 1264 )

115 1268 192 1326 Haec
205 1268 279 1328 dicit
293 1269 441 1327 Dominus
455 1269 565 1327 christo
579 1289 644 1327 meo
659 1268 737 1346 Cyro
755 1288 844 1345 usqae
865 1270 906 1327 cd
926 1289 979 1347 ego
1000 1270 1148 1328 Dominus
1169 1272 1267 1330 creavi

54 1369 252 1489 eumCrudak.

115 1512 237 1584 Excita,
252 1511 390 1583 Domine,
403 1512 567 1589 potentiam
581 1517 666 1569 tuam
679 1518 711 1570 et
723 1513 793 1570 veni
804 1533 811 1570 ε
832 1517 868 1570 ut
881 1512 977 1570 salros
990 1512 1079 1571 facias
1092 1532 1155 1572 nos.

60 1593 88 1650 V.
116 1592 179 1662 Qui
192 1593 269 1670 regis
283 1592 376 1651 Israel
389 1593 530 1652 intende:
553 1594 605 1669 qui
618 1593 739 1650 deducis
752 1594 836 1651 velut
850 1613 933 1651 ovem
948 1594 970 1653 J
972 1593 1069 1671 oseph.
1110 1595 1170 1665 Qui
1183 1595 1265 1654 sedes

50 1693 143 1750 super
157 1673 328 1732 Cherubin:
348 1694 456 1751 appare
469 1694 567 1732 coram
582 1674 736 1750 Ephraim,
751 1675 920 1751 Benjamin,
934 1682 965 1733 et
979 1675 1123 1733 Manasse

113 1767 256 1842 Sequitur
270 1766 404 1825 Oramus.

113 1847 221 1906 Preces
234 1847 337 1925 populi
349 1849 396 1906 tui
398 1867 595 1924 ,quaesumus
612 1848 750 1920 Domine,
764 1849 926 1907 clementer
939 1848 1056 1920 exaudi,
1072 1855 1108 1906 ut
1121 1868 1174 1926 qm
1165 1849 1265 1927 juste

51 1949 107 2005 pro
121 1930 249 2006 peccatis
262 1929 371 1988 nostris
384 1929 551 2008 affligimur,
567 1930 687 2007 pietatis
702 1935 761 1987 tuae
778 1929 949 1988 visitatione
969 1929 1160 1988 consolemur.
1204 1930 1265 2001 Qui

51 2010 132 2067 vivis
146 2016 177 2069 et
191 2029 302 2088 regnas.

114 2109 211 2167 Lectio
225 2108 362 2167 Danielis
375 2109 526 2185 Proplretae
540 2109 602 2184 (iii.
616 2108 668 2166 49-
670 2108 735 2186 51).

113 2190 251 2285 Angelus
265 2189 388 2247 Domini
402 2188 553 2248 descendit
566 2210 634 2247 cum
647 2190 759 2248 Aueria
771 2195 802 2248 et
816 2190 901 2248 sociis
921 2191 985 2267 ejus
1003 2190 1036 2247 in
1056 2189 1214 2264 fornacem,
1230 2198 1263 2250 et

57 2271 184 2329 exuissit
197 2271 369 2329 flammam'
361 2271 437 2347 ignis
448 2271 484 2328 de
497 2271 623 2343 fornace,
635 2279 666 2328 et
679 2271 750 2329 fecit
762 2272 894 2329 medium
906 2271 1033 2330 fornacis
1044 2271 1130 2349 quasi
1140 2278 1263 2329 ventum

56 2353 129 2410 ron's
143 2351 273 2410 flantem.
311 2352 446 2411 Flamma
458 2359 558 2410 autem
573 2317 681 2409 diflusa
695 2359 739 2409 est
753 2372 841 2429 serpet
854 2348 1003 2411 fornacem
1018 2353 1127 2410 cubitis
1140 2352 1264 2430 quadra-

58 2434 137 2506 ginta
163 2452 281 2504 novem,
311 2440 341 2491 et
367 2432 501 2490 incendit
527 2452 601 2510 quos
624 2433 735 2510 reperit
758 2434 849 2510 juxta
872 2433 1020 2491 fornacem
1044 2434 1080 2491 de
1104 2432 1258 2508 Chaldaeis,

59 2515 206 2572 ministros
223 2515 300 2592 regis
314 2515 366 2591 qui
384 2534 449 2573 eam
467 2514 672 2571 incendebant.
716 2514 789 2572 Illos
811 2520 912 2572 autem
936 2515 1057 2572 omnino
1078 2534 1139 2572 non
1162 2514 1263 2592 tetigit

59 2594 137 2671 ignis,
152 2615 251 2673 neque
264 2596 461 2668 contristavit,
475 2615 529 2653 nec
542 2596 700 2672 quicquam
720 2595 863 2653 molestire
884 2596 998 2653 intulit.
1041 2595 1126 2654 Tunc
1147 2594 1181 2653 hi
1201 2603 1263 2653 tres

58 2678 340 2816 ιιέιξιὲοῖκῶιὲξῐὲιζο
360 2676 531 2749 laudabant,
545 2682 576 2735 et
596 2675 810 2754 glorificabant,
824 2683 856 2734 et
875 2676 1089 2735 benedicebant
1110 2676 1208 2733 Deum
1229 2676 1262 2733 in

112 2856 181 2914 Duo
205 2854 301 2914 clerici
324 2857 359 2914 de
382 2855 507 2913 aeeurtda
529 2853 671 2929 scroto
658 2874 693 2911 an
716 2853 932 2947 Serperpelliceie
955 2855 996 2911 ad
1017 2853 1145 2928 qrodum
1171 2851 1262 2912 Cleore

57 2946 167 2994 coartent
188 2937 336 2994 Proetum

114 3034 293 3092 Benedictus
306 3054 337 3092 es
351 3033 480 3091 Domine
494 3033 577 3092 Deus
589 3039 710 3109 patrum
724 3038 900 3092 nostrorum.

53 3111 88 3169 l
84 3158 92 3170 .
114 3115 152 3173 Et
164 3115 332 3188 laudabilis,
348 3122 379 3173 et
391 3114 535 3193 gloriosus
548 3115 581 3172 in
594 3114 707 3173 sucula.

114 3196 227 3256 Chorus
246 3197 324 3256 idem
343 3205 459 3273 repetat.

116 3293 218 3352 Clerici
232 3293 358 3351 Versum.
395 3291 437 3348 Et
449 3289 637 3348 benedictum
650 3309 760 3347 nomen
773 3288 874 3367 gloriae
884 3293 954 3359 tuoe,
962 3289 1043 3366 quod
1056 3293 1101 3347 est
1114 3293 1257 3347 sanctum.

115 3373 226 3433 Clarus
239 3374 327 3432 dicut.
371 3372 413 3430 Et
426 3371 582 3444 laudabile,
599 3378 630 3429 et
642 3371 801 3448 gloriosum
816 3371 848 3428 in
862 3370 973 3427 sucula.

116 3454 217 3514 Clerici
232 3455 262 3514 V.
306 3454 485 3512 Benedictus
499 3472 529 3510 es
542 3453 574 3509 in
589 3453 699 3528 templo
713 3458 814 3510 sancto
828 3451 1011 3529 gloriae-tuse.

116 3535 233 3595 Claui-us.
372 3535 414 3592 Et
426 3534 591 3591 laudabilis.

116 3617 217 3677 Clerici
233 3617 261 3676 V.
307 3615 486 3674 Benedictus
500 3635 530 3672 es
544 3634 632 3691 super
645 3613 787 3672 thronum
800 3620 936 3672 sanctum
950 3613 1034 3690 regni
1047 3612 1101 3670 tui

115 3698 230 3757 Cleonis.
371 3696 412 3754 Et
425 3695 588 3754 laudabilis.

115 3778 216 3839 Clerici
231 3778 261 3837 V.
305 3777 485 3835 Benedictus
499 3797 537 3849 es,
553 3776 606 3852 qui
618 3775 700 3834 sedes
714 3795 802 3853 super
815 3775 976 3847 Cherubin,
992 3775 1112 3833 intuens
1129 3774 1256 3852 abyssos.

115 3859 232 3919 Cicerrus.
373 3858 414 3916 Et
427 3857 590 3916 laudabilis

115 3940 214 4000 Clerici
231 3941 259 4000 V.
304 3939 484 3998 Benedictus
498 3958 536 4010 es,
552 3938 605 4015 qui
618 3939 699 3997 sedes
712 3957 801 4015 super
814 3944 962 4015 sceptrum
977 3937 1145 3995 divinitatis
1159 3943 1226 3995 tuas

114 4019 230 4081 Clarus.
370 4021 412 4078 Et
425 4019 590 4077 laudabilis.

114 4101 215 4163 Clerici
229 4103 259 4163 V.
305 4101 484 4160 Benedictus
497 4120 536 4172 es,
552 4100 604 4176 qui
618 4100 750 4158 ambulas
764 4120 852 4177 super
864 4119 975 4177 pennas
988 4106 1154 4160 ventorum.

115 4181 230 4244 Clarius.
370 4182 412 4240 Et
425 4181 589 4242 laudabilis.

116 4262 214 4325 Clerici
230 4266 259 4324 V.
305 4263 489 4323 Benedicent
502 4269 533 4321 to
547 4281 648 4320 omnes
662 4261 774 4339 Angeli
787 4268 819 4319 et
832 4260 935 4321 Sancti
948 4262 1002 4321 tui.

10 4358 12 4369 '
117 4342 227 4406 Clesus.
366 4345 408 4402 Et
421 4343 545 4402 laudent
558 4350 597 4416 te,
612 4351 643 4402 et
656 4343 824 4420 glorificent
838 4349 867 4400 te
881 4343 914 4400 iu
929 4344 1042 4402 smcula.

119 4422 215 4486 Clerici
228 4426 259 4487 V.
303 4425 1070 4500 Benedicanttecaelietterra,ma1e‚etomniaquae
1081 4422 1112 4480 in
1124 4422 1166 4482 cis
1175 4428 1254 4483 sunt.

120 4502 226 4569 Clonii.
366 4508 408 4565 Et
421 4506 552 4566 laudent.
