2804 4920
150 357 170 418 8
382 354 523 422 Subicio
546 354 712 437 Quattuor
734 355 936 441 Tenrpmum
956 353 1141 419 Adventus.

211 520 331 582 barela.

210 603 387 661 Muneribus
413 604 531 675 nostris,
559 623 735 681 quaesumus,
764 603 902 676 Domine,
927 603 1121 681 precibusque
1147 599 1301 678 susceptis,
1327 606 1358 675 et

148 683 313 742 caelestibus
326 704 380 742 nos
393 685 506 742 munda
518 685 668 762 mysteriis
681 690 712 743 et
725 685 885 744 clementer
899 685 1016 744 exandi
1060 683 1120 742 Per
1133 682 1308 742 Dominum

208 763 351 840 Proefatr'o
363 766 544 841 quotidiana.

210 845 392 905 Communia.

208 925 284 985 Ecce
305 927 452 986 Dominus
465 927 574 1002 veniet,
589 934 621 986 et
640 947 742 987 omnes
762 928 857 986 sancti
878 929 943 1005 ejus
962 946 1032 986 curn
1051 946 1106 986 ec:
1131 933 1164 985 et
1182 926 1243 985 erit
1261 925 1296 983 in
1308 923 1353 982 die

149 1006 201 1065 ills
213 1007 268 1065 lux
281 1027 395 1085 magna

207 1088 448 1149 Poetecmmuniu

207 1169 265 1228 Tui
277 1190 332 1229 nos
350 1170 478 1228 Domine
498 1171 675 1229 sacramenti
695 1171 802 1229 libatio
823 1176 925 1229 sancta
944 1175 1091 1229 restauret
1100 1189 1109 1243 ;
1128 1175 1161 1228 et
1174 1188 1193 1228 a
1205 1173 1352 1227 vetustate

146 1256 285 1329 purgatos
298 1251 331 1309 in
344 1252 480 1328 mysterii
493 1252 631 1311 salutaris
645 1253 735 1311 facist
747 1253 874 1310 transire
888 1253 1077 1310 consortium.
1107 1251 1167 1310 Per
1180 1249 1349 1315 Dominum

478 1437 621 1496 Ssussro
643 1438 814 1506 Qusr'ruos
834 1438 1016 1498 Tsurosum

208 1549 233 1607 0
262 1551 349 1608 ciri-m.

204 1552 284 1690 leni
297 1638 329 1690 et
341 1631 463 1690 ostende
475 1631 561 1690 nobis
574 1632 679 1690 feciem
692 1638 785 1707 tuam,
801 1632 948 1692 Domine:
969 1632 1022 1709 qui
1035 1632 1117 1691 sedes
1137 1651 1228 1709 super
1243 1630 1351 1691 Oberu·

144 1709 204 1785 bin,
220 1717 252 1769 et
265 1711 340 1770 salvi
353 1713 470 1771 erimus

204 1804 351 1864 Palmae.

204 1885 264 1954 Qui
277 1887 354 1964 regis
367 1886 470 1961 Israel,
484 1887 625 1946 intende:
646 1887 699 1963 qni
712 1887 833 1946 deducis
847 1887 931 1946 velut
944 1906 1028 1946 ovem
1042 1887 1163 1964 Joseph.

204 1978 308 2037 Omrces
331 1979 482 2038 Orationes
502 1980 565 2037 aine
586 1979 734 2037 Dominus
751 1980 903 2038 vobiscum
916 1981 1057 2038 ducentur
1073 1989 1182 2056 praeler
1203 1979 1348 2052 chinium,

142 2078 206 2133 quae
219 2069 258 2117 eet
272 2070 340 2118 arete
355 2060 520 2136 Epistulam
528 2082 541 2131 ;
561 2062 612 2119 sed
635 2070 752 2120 mertum
773 2082 839 2120 crim
863 2062 996 2120 Oremus
1039 2061 1081 2118 Ec
1094 2081 1191 2120 omrree
1204 2061 1349 2122 Ludere

142 2159 208 2197 onem
221 2142 284 2199 ercis
297 2141 393 2199 titulis
406 2140 548 2217 leporum.

201 2221 292 2295 Deus,
316 2222 368 2298 qui
395 2221 539 2298 conspicis
562 2221 633 2298 quia
655 2243 694 2281 ex
717 2230 819 2282 nostra
840 2224 988 2300 pravitate
1015 2223 1192 2300 affligimur:
1222 2224 1347 2285 οοιιωᾶθ

140 2302 295 2378 propitius,
309 2310 345 2360 ut
358 2323 397 2360 ex
409 2310 464 2360 tue
476 2303 648 2361 visitatione
661 2305 852 2363 consolemur.
896 2305 956 2375 Qui
969 2304 1046 2362 vivis
1060 2315 1091 2362 et
1104 2324 1217 2382 regnas.

199 2395 296 2453 Lectio
309 2395 408 2454 Esaiae
421 2396 571 2472 Prophetes
584 2397 660 2472 (erin
675 2399 790 2473 20-22).

200 2475 240 2534 In
267 2476 370 2534 diebus
401 2476 471 2549 illis,
500 2477 680 2536 Clamabunt
714 2479 752 2536 ad
779 2479 943 2537 Dominum
970 2498 1060 2555 aspice
1086 2479 1128 2536 cd
1154 2479 1275 2539 sanabit
1300 2499 1346 2541 cos

139 2555 287 2616 Dominus
302 2557 384 2616 Deus
397 2565 505 2617 noster.

156 2813 162 2826 .
198 2649 364 2790 {remo
382 2732 452 2791 caelo
476 2733 602 2810 egressio
619 2734 700 2811 ejus:
726 2741 757 2793 et
779 2754 915 2808 occursus
937 2735 1001 2811 ejus
1022 2754 1115 2811 usqne
1136 2735 1174 2792 ed
1197 2754 1341 2794 summurn

137 2832 271 2952 {Jzuncaeli
298 2901 438 2954 enarrant
464 2895 590 2973 glorium
617 2896 694 2956 Dei:
730 2904 761 2955 et
789 2917 878 2974 opera
908 2916 1052 2954 manuum
1086 2897 1151 2974 ejus
1185 2897 1342 2955 annuntiat

136 2973 363 3034 firmamentum.

195 3072 267 3130 Non
279 3083 425 3148 repetatur
439 3073 575 3145 Crudele,
590 3076 640 3132 scd
653 3076 771 3133 dicatur
785 3076 885 3133 stetim
900 3076 1009 3135 Oratio,

196 3153 338 3225 Concede,
353 3174 528 3229 quaesumus,
544 3155 730 3231 omnipotens
755 3155 845 3227 Deus,
868 3158 976 3233 utqui
1000 3157 1055 3214 sub
1079 3156 1192 3234 peccati
1210 3157 1284 3234 jugo
1304 3175 1339 3215 ex

135 3239 253 3291 uetusta
267 3236 411 3292 servitute
425 3235 626 3310 deprimimur,
643 3243 799 3313 expectate
813 3236 974 3315 Unigeniti
993 3238 1066 3296 Filii
1086 3237 1133 3295 tui
1146 3257 1226 3296 nova
1239 3237 1340 3296 nativi-

134 3320 197 3372 tate
210 3315 377 3372 liberemur.
420 3315 479 3385 Qui
493 3320 591 3374 tecum
604 3316 682 3375 vivit
695 3323 726 3375 et
742 3324 853 3394 regnat.

194 3411 289 3469 Lectio
303 3412 402 3468 Eenioe
416 3411 566 3487 Prrpslielae
582 3414 682 3489 (mu.
699 3413 771 3492 1-7).

194 3491 270 3549 Haec
284 3492 357 3549 dicit
370 3491 537 3566 Dominus;
559 3494 725 3553 Laetabitur
739 3496 956 3571 desertoresque
970 3497 1012 3554 ad
1031 3497 1063 3554 in
1077 3495 1174 3555 fontes
1187 3516 1336 3574 aqueum,

132 3571 175 3630 uit
189 3573 337 3631 Dominus
351 3574 542 3651 omnipotens.

195 3664 329 3724 Gradak.

192 3746 232 3803 In
253 3747 313 3804 sole
334 3748 434 3823 posuit
456 3750 680 3808 tubernaculum
702 3771 809 3809 suum:
831 3756 863 3809 et
884 3751 945 3828 ipse
966 3758 1110 3829 tunquam
1128 3771 1254 3829 sponsus
1275 3772 1336 3831 pro-

132 3826 237 3885 cedens
250 3828 287 3885 de
301 3827 431 3885 tlrulsmo
445 3850 505 3888 suo.

136 3908 166 3968 V.
192 3909 225 3966 A
242 3928 357 3966 summo
374 3911 445 3968 caelo
466 3913 591 3989 egressio
613 3914 693 3989 ejus:
719 3920 749 3972 et
772 3933 908 3973 occursus
929 3914 993 3991 ejus
1014 3934 1108 3992 usque
1130 3914 1169 3974 ad
1190 3933 1334 3973 summum

130 4008 202 4065 eJus

192 4071 302 4130 Oratio
546 4132 549 4136 ,

188 4151 334 4229 Indignus
356 4172 416 4226 nos,
438 4174 612 4230 quesumus,
632 4155 769 4228 Domine,
787 4157 913 4215 famulos
933 4163 1010 4229 tuos,
1032 4177 1107 4235 quos
1128 4157 1255 4217 actionis
1274 4178 1335 4236 pru

128 4232 200 4309 prise
214 4233 301 4310 culpa
315 4234 480 4307 contristet,
496 4236 644 4310 unigeniti
658 4236 730 4293 Filii
744 4237 790 4294 tui
803 4238 935 4296 adventu
949 4238 1074 4298 laetifica.
1117 4239 1178 4309 Qui
1192 4244 1299 4298 tecum.

188 4324 284 4383 Lectio
298 4326 396 4383 esaie
410 4327 560 4403 Prophetes
574 4327 628 4403 (xl.
644 4328 738 4406 9-11).

188 4404 263 4463 Haec
277 4407 350 4464 dicit
363 4406 522 4479 Dominus,
536 4408 631 4485 Super
644 4416 776 4468 montem
789 4413 938 4470 excelsum
952 4412 1180 4489 ascendensque
1193 4414 1236 4472 ad
1252 4418 1284 4473 et
1302 4412 1333 4470 in

127 4484 195 4544 sinu
208 4506 262 4544 suo
275 4486 386 4546 levabit
399 4508 449 4547 eos
463 4488 610 4548 Dominus
624 4489 706 4550 Deus
719 4497 827 4551 noster.
