2804 4920
110 307 174 371 404
482 303 592 370 Misso
613 303 654 371 cte
673 312 792 372 macta
814 303 928 372 ornes

169 471 279 532 Orare.
322 471 413 544 Deus,
428 469 481 548 qui
497 470 659 529 Ecclesiam
673 479 765 541 tuam,
779 480 814 529 ut
827 471 861 529 ia
873 471 958 530 Festo
970 471 1158 549 dpositioars
1169 469 1230 547 ejru.

166 551 308 628 Epistola.
351 553 426 611 Ecce
439 551 574 610 sacerdos
587 572 712 631 magnus
725 553 778 631 qui
791 552 823 610 in
837 551 949 610 diebus.

170 632 304 692 Grudale.
346 632 422 691 Eece
439 632 582 692 sacerdos.

115 710 146 773 V.
168 713 239 771 Non
249 721 294 772 est
306 713 454 772 inventus

170 793 318 870 Alleluya.
370 793 400 855 V.
422 794 530 853 Justus
543 794 730 870 germinabit.

167 873 330 950 Sequente
374 874 489 934 Summi
502 876 588 952 regis,
603 884 638 932 at
651 875 685 932 in
700 874 809 934 Octava
821 875 902 934 Festi
913 873 981 952 ejus.

167 955 369 1030 Econpelium.
411 955 508 1014 Nemo
522 955 658 1014 accendit
670 956 829 1014 lucernam.

170 1035 362 1109 offertorium.
405 1035 533 1094 Veritas.

168 1115 288 1175 Secreto.
331 1115 459 1176 Gloriosi
472 1117 628 1194 pontificis,
641 1125 677 1174 ut
689 1117 724 1174 ia
737 1114 820 1176 Festo
834 1115 1020 1193 depositionis
1033 1114 1103 1192 ejus.

172 1195 351 1256 Commota.
394 1197 505 1255 Beatus
518 1217 626 1256 servus.

169 1277 408 1337 Postcommum'o.
451 1278 585 1356 Sumpta,
610 1277 747 1353 Domine,
772 1283 963 1349 sacramenta,
983 1286 1018 1335 ut
1038 1277 1073 1336 ia
1092 1277 1175 1337 Festo
1192 1275 1277 1353 deperi·

111 1356 199 1418 Scau
211 1358 280 1435 ejus.

478 1472 580 1532 Missa
594 1490 636 1533 nr
650 1473 769 1533 emero
783 1473 936 1533 Scimus*

172 1553 313 1629 officiunt.

169 1634 298 1711 Spiritus
319 1633 443 1692 Domini
464 1633 590 1711 replerit
611 1635 712 1693 orbem
735 1641 890 1706 terrarum,
913 1633 1056 1711 alleluya:
1087 1639 1119 1693 et
1142 1633 1194 1693 hor
1217 1630 1275 1710 quud

110 1716 242 1774 continet
255 1716 354 1772 omnia
366 1716 519 1773 scientiam
533 1715 623 1773 habet
636 1717 724 1787 vocis,
738 1715 875 1791 alleluya,
889 1714 1026 1792 alleluya,
1040 1714 1174 1791 alleluya

169 1795 195 1852 A
211 1795 427 1872 Septuaqcsa'ma
440 1816 529 1872 usque
542 1797 583 1854 ad
596 1796 711 1855 Pascha
723 1817 784 1855 non
796 1797 922 1867 dicatur,
936 1795 1072 1872 alleluya.

169 1875 314 1934 Pessimus.

169 1956 319 2034 Exsurget
333 1957 414 2015 Deus
434 1962 465 2016 et
482 1956 663 2034 dissipentur
679 1957 795 2015 inimici
812 1957 893 2033 ejus:
913 1963 945 2014 et
965 1955 1083 2033 fugiant
1105 1957 1157 2034 qui
1176 1954 1275 2015 odem

108 2057 177 2096 eum
190 2058 209 2096 a
221 2038 295 2096 facie
309 2039 381 2115 ejus.

170 2119 280 2179 Oratio.

170 2200 259 2271 Deus,
274 2199 327 2276 qui
347 2199 435 2257 corda
458 2198 589 2257 fidelium
612 2199 714 2257 Sancti
737 2198 866 2278 Spiritus
889 2199 1089 2258 illustratione
1112 2198 1231 2268 docuisti,
1246 2193 1274 2251 ds

108 2280 193 2338 nobis
219 2280 252 2338 in
274 2280 377 2338 eodem
398 2279 513 2356 Spiritu
538 2286 619 2338 recta
641 2300 750 2358 sapere,
774 2279 861 2338 etde
885 2282 948 2358 ejus
968 2299 1084 2358 semper
1105 2278 1272 2338 consolatione

109 2361 242 2438 gaudere.
285 2359 343 2418 Per
357 2359 526 2418 Dominum.
569 2360 609 2417 In
623 2361 740 2418 unitate
752 2360 890 2436 ejusdem

169 2441 264 2498 Lecti)
277 2441 407 2498 Actutum
420 2440 623 2516 Apostolorum
635 2442 652 2518 (
653 2442 714 2500 viii.
733 2441 846 2519 1417).

169 2521 209 2578 In
223 2521 324 2579 diebus
337 2520 405 2592 illis,
421 2521 496 2579 (ium
510 2521 662 2579 audissent
677 2522 801 2598 apostoli
815 2522 867 2599 qui
886 2529 971 2581 erant
991 2521 1209 2599 Hierosolymis,
1220 2516 1269 2594 quit

110 2603 264 2678 recepisset
278 2602 410 2659 Samaria
424 2602 569 2676 usquead
584 2609 614 2658 et
628 2603 809 2678 accipiebant
823 2605 968 2679 Spiritum
983 2604 1132 2662 Sanctum

171 2684 305 2741 Gradule.

169 2764 261 2821 Beata
280 2783 351 2840 gens
372 2764 455 2838 cujus
476 2769 521 2820 est
541 2763 687 2820 Dominus
707 2764 788 2821 Deus
811 2785 930 2822 eorum:
955 2764 1082 2842 populus
1104 2784 1186 2841 quern
1205 2757 1268 2833 elegit

109 2845 256 2904 Dominus
269 2846 301 2902 in
315 2844 507 2901 hereditatem
521 2844 584 2900 sibi.

114 2926 144 2983 V.
169 2926 270 2983 Verbo
289 2924 411 2982 Domini
430 2925 492 2981 caeli
509 2924 618 2981 firmati
636 2932 723 2982 sunt:
744 2932 775 2982 et
797 2925 909 3002 Spiritu
932 2926 991 2983 oris
1012 2928 1076 3003 ejus
1097 2923 1266 2984 omnisrirtut

110 3025 218 3064 eorum.

168 3087 316 3162 Alleluya.
365 3085 394 3144 V.
417 3085 505 3156 Veni,
525 3085 630 3143 Sancte
649 3086 786 3162 Spiritus,
807 3086 886 3164 reple
904 3095 1025 3145 tuorum
1043 3088 1131 3146 corda
1149 3083 1264 3143 fidolum:

109 3173 140 3224 et
153 3167 199 3224 tui
212 3168 318 3224 amoris
332 3167 420 3224 ineis
434 3167 530 3242 ignem
544 3167 674 3226 accende.

169 3247 368 3321 Evanyelium.

168 3327 208 3383 In
234 3329 285 3384 illo
306 3335 444 3403 tempore,
471 3327 560 3384 Dixit
582 3328 670 3385 Jesus
694 3329 843 3405 discipulis
868 3330 948 3402 suis,
978 3330 1009 3387 Si
1035 3330 1100 3407 quis
1124 3327 1209 3404 diligit
1224 3335 1262 3387 mt

108 3428 202 3484 quaere
216 3408 249 3463 in
263 3408 308 3464 die
321 3409 501 3465 Pentecosten.

170 3488 359 3561 offertorium.
403 3488 550 3545 Confirma
564 3489 625 3556 hoc,
641 3489 729 3546 Deus.

166 3569 286 3626 Secreta.
330 3567 464 3638 Munere,
477 3588 649 3642 quaesumus,
666 3569 800 3627 Domine.

168 3649 316 3722 Proefatio
361 3649 421 3717 Qui
434 3650 597 3706 ascendens.

167 3730 347 3789 Communia.
391 3728 497 3786 Factus
511 3739 555 3786 est
570 3737 696 3806 repente.

164 3811 405 3871 Postcommuna'o.
449 3810 549 3868 Sancti
564 3812 702 3886 Spiritus,
718 3811 853 3869 Domine.

608 3975 697 4031 Faria
717 3984 802 4031 sexta.

532 4082 534 4087 ’
556 4080 606 4137 Du
626 4097 740 4137 sescus
761 4081 873 4137 Grues.

168 4165 305 4239 Officium.
1202 4232 1207 4243 ι
1238 4224 1242 4235 ,

166 4247 229 4303 Nos
243 4253 341 4302 autem
354 4242 473 4319 gloriari
487 4248 602 4316 oportet
616 4242 647 4296 in
665 4261 748 4298 cruce
767 4241 890 4297 Domini
907 4242 1001 4298 nostri
1019 4242 1040 4299 J
1042 4262 1092 4299 esu
1114 4238 1258 4308 Christus

106 4349 163 4405 quo
183 4335 225 4384 est
244 4327 329 4397 salus,
349 4327 419 4396 rita,
440 4332 470 4381 ct
489 4324 661 4379 resurreetio
681 4330 801 4379 nostra:
831 4342 989 4398 perquem
1007 4324 1112 4381 salvati
1129 4327 1156 4379 et
1170 4308 1257 4374 liberat

106 4429 211 4468 sumus·
411 4480 594 4527 'MS-Fene
613 4481 704 4540 quinta,
722 4481 751 4527 de
769 4481 857 4528 Sancto
873 4480 971 4541 Spiritu
