2804 4920
417 337 603 405 Dominicc
623 338 668 404 iv.
691 338 875 405 Adventus.
1204 344 1243 406 11

101 505 199 564 lectio
213 505 351 584 Epistcbe
364 506 440 565 beati
451 506 546 564 Pauli
558 507 696 583 Apostoli.
737 505 787 565 ld
800 506 1001 583 Philipporum
1013 506 1067 583 (ic.
1085 507 1158 585 47).

100 586 242 646 Fratres:
265 587 399 646 Gaudete
415 588 449 645 in
469 589 600 647 Domino
618 607 733 665 semper
745 608 836 664 neque
849 589 890 645 ad
909 588 1121 666 intelligentias
1134 595 1247 647 vestras

34 667 69 724 in
84 666 208 727 Christo
219 668 295 728 Jesu
308 669 438 728 Domino
451 675 560 729 nostro.

102 747 238 809 emole

101 829 200 907 Prope
223 837 269 890 est
292 831 440 889 Dominus
461 831 599 889 omnibus
622 831 829 890 invocantibus
852 851 938 890 eum:
966 831 1103 889 omnibus
1126 832 1177 909 qui
1199 832 1245 889 in-

38 917 149 969 vocant
162 912 276 970 eumin
290 913 425 971 veritate.

45 990 76 1049 V.
103 992 237 1051 laudem
251 992 376 1051 Domini
389 993 529 1070 loquetur
541 1013 574 1052 os
586 1014 703 1053 meum:
724 1000 755 1052 et
767 994 921 1052 benedicat
935 993 1030 1052 omnis
1050 1013 1116 1053 caro
1136 1013 1245 1052 nomen

41 1079 176 1131 sanctum
190 1074 262 1152 ejus.
304 1073 454 1151 Alleluya

49 1154 76 1215 V.
103 1153 192 1224 Veni,
208 1155 345 1230 Domine,
361 1162 392 1214 et
405 1155 468 1214 noli
481 1156 616 1215 tardere:
636 1156 738 1214 relaxa
749 1155 881 1213 facinora
893 1155 973 1233 plebi
986 1161 1053 1215 tuae.

101 1234 266 1312 Sequentia

163 1317 185 1375 J
187 1317 333 1375 ubilemus
346 1337 447 1376 omnes
460 1338 522 1376 una

164 1396 230 1456 Deo
243 1405 344 1457 nostro
358 1399 411 1476 qui
423 1400 536 1459 creavit
548 1398 655 1472 omnia,

164 1479 224 1537 Per
237 1499 325 1556 quem
339 1487 446 1538 cuncta
459 1481 578 1538 condito
590 1485 662 1538 sunt
673 1480 797 1539 saecula:

165 1559 280 1618 Caelum
292 1561 371 1638 quod
385 1561 513 1638 plurima
525 1561 590 1618 luce
604 1568 745 1632 conrsoet,
761 1567 792 1619 et
805 1560 921 1618 diversa
934 1564 1006 1617 sunt
1021 1560 1126 1632 sidera,

165 1640 216 1699 sol
229 1642 335 1699 mundi
347 1643 474 1715 schema,
490 1643 623 1700 noctium
637 1642 724 1700 decus
737 1643 818 1713 luna,
839 1648 994 1718 ceteraque
1007 1641 1211 1717 splendentia3

165 1722 260 1796 Mare,
275 1723 379 1797 solum,
393 1723 464 1796 alta,
479 1723 576 1800 plana,
592 1731 623 1782 et
636 1723 782 1800 profunde
794 1723 938 1797 fluminn3

164 1803 254 1862 Aeris
267 1803 367 1881 ampla
379 1806 475 1881 spatia
488 1824 547 1881 quo
560 1805 731 1863 discurrunt
744 1823 820 1876 aves,
835 1806 927 1877 venti,
943 1808 1034 1878 atque
1047 1803 1156 1880 pluvia.

165 1884 241 1943 Haec
255 1885 343 1942 simul
356 1892 463 1943 cuncta
475 1886 534 1942 tibi
546 1885 601 1943 soli
615 1885 680 1942 Deo
693 1885 779 1942 Patri
792 1885 931 1944 militent

164 1964 257 2024 Nunc
270 1973 301 2024 et
313 1966 346 2023 in
359 1986 457 2025 sevum
470 1967 533 2025 sine
546 1967 605 2024 fine
618 1986 672 2043 per
684 1966 769 2024 saeclu
782 1965 846 2023 laus
860 1986 961 2025 eorum
975 1971 1029 2025 tua
1041 1965 1144 2043 glorie,

165 2045 226 2116 Qui
239 2065 293 2123 pro
306 2047 402 2106 salute
415 2053 517 2106 nostra
529 2047 642 2125 prolem
657 2049 774 2106 unicam

165 2126 236 2185 Pati
248 2127 282 2185 in
295 2135 374 2186 terre
387 2129 495 2186 misisti
509 2129 573 2186 sine
586 2129 681 2205 culpa,
696 2129 748 2187 sed
761 2128 799 2185 ob
812 2135 914 2188 nostre
927 2130 1043 2189 delicta

165 2207 217 2281 Te,
232 2208 371 2281 Trinitas,
387 2229 548 2286 precamur,
561 2217 596 2267 ut
609 2229 731 2286 corpora
746 2216 848 2268 nostra
867 2217 900 2269 ct
919 2212 1007 2270 corda
1026 2229 1118 2288 reges,
1134 2214 1166 2266 et
1185 2228 1250 2286 pro

246 2295 337 2367 tegas,
353 2296 384 2349 et
397 2291 487 2349 dones
500 2296 687 2367 peccatorum
700 2292 824 2350 veniam.

103 2368 273 2429 Santonum
287 2370 452 2431 Jclrosnnem
471 2372 508 2449 (i.
528 2370 640 2448 19-28).

103 2451 145 2509 In
172 2450 224 2509 illo
251 2457 389 2530 tempore,
419 2452 569 2511 Miserunt
596 2453 618 2510 J
619 2454 697 2511 udoei
723 2455 760 2512 ab
788 2453 1004 2532 Hierosolymis
1030 2453 1193 2514 sacerdotes
1219 2458 1251 2510 et

44 2531 166 2590 levites
179 2552 270 2608 neque
283 2534 324 2591 ad
337 2533 390 2590 ubi
403 2539 468 2592 erat
480 2534 502 2591 J
504 2534 633 2592 ohannes
646 2535 807 2612 baptizans.

106 2613 300 2688 offertorium.
344 2614 569 2688 confortamini,
591 2621 622 2673 et
640 2616 704 2691 jam
725 2616 819 2674 nolite
836 2616 959 2689 timere;
983 2636 1048 2676 ecce
1069 2616 1149 2675 enim
1169 2616 1254 2672 Deus

44 2700 146 2752 noster
158 2695 305 2752 retribuet
313 2695 479 2771 judicium:
498 2695 562 2772 ipso
575 2697 684 2768 veniet,
700 2701 730 2754 et
743 2697 838 2756 salvos
851 2717 905 2755 ros
920 2697 1017 2757 faciet.

104 2774 224 2834 Secreta

106 2856 264 2915 Sacrificiis
287 2858 489 2933 praesentibus,
516 2857 653 2930 Domine,
678 2859 810 2934 placatus
833 2859 963 2931 intende,
988 2865 1024 2917 ut
1047 2864 1078 2917 ct
1101 2857 1251 2917 devotioni

48 2943 153 2995 nostrae
166 2939 323 3015 proficiant
336 2945 366 2996 et
379 2939 476 2997 saluti
520 2939 579 2997 Per
593 2939 765 2996 Dominum.

106 3018 247 3094 Praefatio
260 3020 442 3094 quotidiana.

108 3099 290 3162 Communia

108 3181 182 3259 Ecce
206 3181 291 3258 virgo
315 3182 469 3260 concipiet,
495 3189 526 3242 et
548 3183 644 3261 pariet
670 3183 784 3243 filium:
814 3190 845 3242 et
871 3184 1028 3242 vocabitur
1054 3202 1163 3241 nomen
1189 3184 1252 3260 ojus

57 3259 230 3321 Emmanuel.

107 3343 348 3403 Poatcomrrrumb.

109 3424 240 3503 Sumptis
262 3426 435 3484 muneribus
455 3427 554 3500 sacris,
578 3446 753 3502 quaesumus,
777 3427 913 3500 Domine,
937 3434 973 3486 ut
994 3447 1063 3486 cum
1085 3427 1251 3505 frequenta-

63 3502 128 3565 tione
141 3506 277 3585 mysterii
290 3513 401 3566 crescat
414 3516 522 3567 nostrie
536 3508 640 3566 salutis
654 3509 781 3568 effectus.
825 3508 885 3568 Per
898 3509 1070 3568 Dominum

520 3643 619 3701 Fran
640 3644 777 3714 Qusara

111 3748 241 3826 Epowla
254 3750 330 3808 beati
344 3750 428 3809 Petri
440 3750 571 3826 Apostoli
584 3751 621 3828 (2
635 3752 695 3810 Pet.
712 3752 756 3811 iii.
773 3753 877 3829 8-14).

111 3829 213 3907 Unum
226 3831 283 3888 hoc
297 3851 387 3906 risque
401 3832 441 3889 ac
454 3832 582 3890 inveniri
596 3833 627 3889 in
641 3852 717 3909 pace.

111 3910 310 3988 annqclium.
354 3911 521 3970 &curidum
535 3914 709 3972 Mattianum
723 3916 784 3993 (iii.
802 3916 899 3992 7-11).

112 3990 147 4050 In
158 3993 213 4050 illo
226 3999 368 4070 tempore,
383 3993 498 4051 Videns
511 3995 533 4052 J
534 3995 663 4053 ohannes
676 4016 766 4072 usque
780 3999 821 4054 ad
839 3996 954 4074 Spiritu
968 3995 1077 4055 Sancto
1091 4000 1121 4053 et
1134 3994 1209 4073 igne.

456 4165 460 4175 1
533 4139 632 4197 Fnam
653 4140 762 4199 Snxrn

114 4242 204 4304 lectio
217 4243 319 4302 Eaaioe
332 4243 482 4320 Prophctae
495 4243 568 4320 (xvi
588 4247 634 4303 1-5
637 4247 663 4322 )

114 4323 183 4385 Heu
199 4326 274 4385 dicit
292 4326 457 4384 Dominus:
478 4326 592 4384 Emitte
609 4347 719 4404 agnum
737 4348 827 4403 rusque
848 4330 889 4386 cul
910 4329 989 4407 quod
1006 4331 1123 4406 justum
1141 4333 1193 4399 est,
1208 4328 1250 4386 ait

69 4391 196 4467 Dominus
209 4406 405 4485 omnipotens.

114 4485 308 4567 &amelium-
352 4489 503 4548 Miserunt
514 4489 624 4563 Judaei,
638 4499 672 4548 ut
686 4511 777 4567 supra
790 4491 824 4548 in
838 4491 1000 4550 Dorns'nica.
1101 4480 1115 4495 “
