2804 4920
504 354 600 418 Festo
620 351 827 439 Septembris.

415 521 479 578 Iste
492 540 559 578 suos
573 520 709 579 fortiores

413 600 535 678 Semper
548 602 621 659 fecit
634 607 665 659 et
677 601 812 674 victores,

414 680 535 739 Morbos
548 688 634 739 senat
647 688 678 740 et
691 683 855 759 languores,

454 763 604 839 Reprimit
621 763 766 821 doemonio
774 784 784 836 3

413 843 476 903 Dat
489 844 614 921 captivis
624 844 801 915 libertatem,

412 924 495 983 Vitae
509 925 623 982 confert
636 926 810 997 novitatem,

413 1006 464 1063 Ad
477 1006 632 1082 antiquum
646 1006 823 1082 dignitatem

453 1087 536 1145 Crux
549 1087 671 1145 reduxit
684 1086 791 1144 omnia.

413 1171 439 1231 O
454 1172 537 1230 Crux
551 1173 667 1250 signum
682 1172 870 1250 tmumphele,

412 1252 522 1311 Mundi
536 1273 607 1310 vere
619 1254 706 1325 selue,
721 1254 806 1312 vale!

412 1334 499 1392 Inter
512 1334 593 1410 ligne.
605 1333 721 1391 nullum
735 1335 795 1392 tale

453 1414 579 1487 Fronde,
595 1416 674 1486 flore,
688 1417 828 1492 germine.

412 1495 563 1554 Medicina
583 1495 761 1568 Christiane,

413 1576 502 1634 Solve
514 1596 609 1648 senos,
625 1596 717 1652 egros
730 1597 819 1650 sena3

413 1657 500 1727 Quod
513 1676 573 1716 non
587 1658 668 1715 valet
681 1659 726 1714 vis
740 1658 870 1716 humana

454 1738 505 1795 Fit
518 1739 550 1795 in
564 1744 617 1795 tuo
632 1739 760 1798 nomine.

413 1819 589 1877 Insistentcs
604 1819 706 1877 Crucis
720 1820 811 1890 leudi,

413 1899 605 1958 Consecrutor
619 1901 721 1959 Crucis
734 1901 803 1958 sudi
815 1921 824 1973 ;

412 1981 517 2057 Atque
530 2001 628 2039 servos
642 1989 701 2038 tuae
715 1983 810 2039 crucis

412 2060 486 2119 Post
499 2062 575 2120 hanc
588 2063 683 2119 vitem
697 2083 773 2120 vene
788 2063 871 2120 lucis·

452 2142 592 2200 Transfer
605 2144 642 2201 ad
656 2144 772 2219 palatiu

412 2223 493 2293 Quos
508 2230 657 2282 tormento
670 2225 716 2282 vis
729 2225 848 2297 servire,

413 2303 472 2363 Fae
485 2312 635 2363 tormenta
647 2325 709 2363 non
722 2306 841 2377 sentire,

412 2384 470 2443 Sed
484 2406 551 2443 cum
565 2387 627 2444 dies
641 2387 698 2443 erit
712 2387 772 2458 irie,

412 2465 508 2524 Nobis
521 2467 621 2524 confer
634 2474 665 2524 et
677 2468 784 2543 largire

450 2546 636 2624 Sempiterna
655 2549 770 2625 gaudie.

126 2678 285 2754 Sapumdt‘a
298 2677 392 2737 euticii
404 2677 565 2752 Evanyelii.
608 2678 775 2735 ,S‘eezmclmo
788 2677 816 2734 J
813 2679 952 2737 ohannen
973 2681 1041 2757 (eii.
1058 2682 1173 2760 31-36).

128 2771 169 2829 In
188 2771 242 2829 illo
261 2777 400 2848 tempore,
417 2769 543 2828 Dicebat
557 2771 704 2828 Dominus
717 2771 739 2829 J
741 2792 806 2829 esus
821 2775 915 2831 turbis
928 2774 1103 2833 ludaeorum
1117 2782 1148 2832 et
1161 2775 1266 2852 princi-

59 2854 156 2932 pibus
170 2852 372 2911 sacerdotum:
393 2851 484 2909 Nunc
497 2859 542 2909 cst
551 2852 698 2927 judicium
714 2853 817 2911 mundi
831 2874 921 2930 usque
935 2856 1022 2913 adut
1036 2856 1089 2913 filii
1105 2854 1179 2913 locis
1192 2856 1264 2915 sitis.

128 2933 232 2992 Credo.

128 3031 416 3191 gqowulllomine,
431 3111 546 3188 plebem
559 3119 641 3170 tuem
656 3134 709 3189 per
722 3114 837 3190 lignum
851 3122 958 3172 sanem
972 3115 1067 3173 mucis
1080 3116 1118 3173 ab
1131 3115 1269 3173 omnibus

63 3194 184 3255 insidiis
201 3193 390 3252 inimieorum
407 3194 548 3265 omnium,
564 3201 598 3251 ut
616 3194 672 3251 tibi
693 3204 808 3269 giemm
831 3196 1021 3254 exhibeamus
1043 3197 1217 3255 servitutem
1237 3202 1269 3255 et

63 3274 245 3353 acceptabile
257 3274 316 3333 tibi
328 3274 381 3333 fiet
394 3274 567 3333 sacrificium
582 3282 726 3347 nostrum,
742 3275 876 3352 alleluya.

129 3374 251 3433 Semta.

130 3454 282 3532 Supplices
306 3459 335 3511 te
359 3471 501 3530 rogemus,
529 3453 714 3529 omnipotens
739 3454 830 3525 Deus,
854 3454 953 3512 uthis
978 3455 1127 3514 sacrificiis
1149 3462 1268 3532 peccota

68 3543 171 3593 nostra
197 3534 387 3605 mundentur,
416 3539 447 3591 et
474 3534 594 3591 devotus
621 3534 800 3591 humilitatis
827 3542 936 3593 nostrie
963 3556 1062 3612 pisces
1096 3543 1127 3594 et
1160 3536 1269 3593 hostius

69 3615 274 3674 misericordie
296 3621 356 3674 tuae
376 3614 522 3691 precedat
543 3614 706 3685 e11xilium3
736 3622 766 3672 et
787 3617 921 3685 salutem,
943 3636 1032 3692 quem
1051 3637 1104 3695 per
1117 3616 1216 3674 Adam
1237 3618 1268 3672 in

70 3696 212 3755 Pumdiso
220 3696 295 3774 ligni
308 3695 452 3755 clauserat
465 3702 609 3753 temerato
629 3697 819 3773 presumptio
833 3697 915 3774 ligni,
930 3717 1046 3754 nusum
1062 3697 1133 3755 fides
1146 3698 1266 3773 apciiot.

71 3780 136 3838 Per.

128 3873 477 4028 fflifffipnomim'
492 3973 615 4011 munera
636 3954 780 4030 benignus
800 3955 930 4029 intende,
952 3975 1017 4031 quse
1039 3955 1188 4028 majestati
1207 3963 1267 4011 tine

70 4057 121 4113 pro
135 4042 305 4095 sanctorum
324 4040 490 4108 martyium
505 4034 636 4092 Cornelii
650 4043 680 4092 et
695 4036 836 4113 Cypriani
855 4036 1052 4093 sollemnitate
1071 4041 1142 4092 sunt
1159 4035 1265 4093 oblotei.

73 4118 97 4174 P
129 4162 136 4176 .

97 4137 282 4289 erPrcefetio.
324 4211 385 4283 Qui
404 4213 537 4271 salutem.

129 4308 318 4468 &midi
331 4390 409 4447 servi
421 4389 493 4448 fecti
506 4409 616 4461 sumus,
631 4396 662 4448 et
675 4410 727 4467 per
740 4396 873 4449 sunctum
889 4411 1003 4451 erucem
1017 4392 1136 4450 liberati
1150 4411 1269 4451 sumus:

73 4470 185 4532 lmctus
197 4470 312 4530 arboris
325 4470 443 4529 seduxit
457 4491 511 4528 nos
523 4491 533 4545 3
549 4471 644 4529 Filius
658 4470 716 4529 Dei
728 4473 853 4532 redemit
867 4492 929 4548 nos,
944 4473 1081 4551 alleluya.
