2806 4920
366 315 416 381 11
436 315 529 381 Ferte
551 312 725 380 Jolroueie
745 312 975 400 nvaaperetae.
1232 320 1272 383 19

128 482 298 542 Secundum
316 482 492 541 Maudaeum
510 481 613 554 (ccciii
631 480 745 560 34-39).

127 565 169 622 In
183 564 236 622 illo
248 569 387 642 ternpore,
404 563 493 621 Dixit
504 563 594 621 Jcsus
614 562 710 620 turbis
731 561 904 621 Judreorum
927 568 959 621 et
977 561 1159 640 principibus
1181 584 1271 624 sacer·
1390 616 1392 620 ,

63 647 180 705 dotum.
224 645 299 704 Ecce
322 665 375 722 ego
399 645 488 703 mitto
514 644 552 701 od
575 663 628 701 vos
654 642 813 719 prophetas
839 664 930 719 eraque
956 644 998 703 ad
1030 644 1123 703 donec
1157 644 1268 718 dicetis,

65 726 256 800 Benedictus,
276 726 330 803 qui
349 726 433 784 venit
451 724 485 783 in
504 725 624 783 nomine
644 724 776 783 Domini.

127 808 230 866 Credo.

127 889 320 962 Offerterium.

126 970 289 1047 Elegerunt
316 967 455 1046 Apostoli
483 967 667 1044 Stephanum
693 966 825 1041 levitam,
853 967 976 1044 plenum
1003 967 1061 1026 fide
1087 974 1119 1026 et
1153 969 1267 1046 Spiritu

64 1050 183 1121 Sancto,
206 1069 293 1128 quem
314 1049 522 1126 lapidaverunt
542 1048 564 1106 J
566 1047 642 1105 udaei
663 1054 797 1106 orantem
811 1054 841 1106 et
859 1047 1014 1121 dicentem,
1034 1047 1163 1106 Domine
1184 1050 1266 1123 Jesu,

62 1132 161 1208 accipe
175 1131 320 1207 Spiritum
334 1149 440 1189 meum.
482 1128 631 1206 Alleluye.

125 1213 245 1271 Secreta.
271 1246 273 1250 Α

125 1293 255 1369 Suscipe,
272 1292 408 1363 Domine,
422 1311 546 1349 munera
567 1309 621 1367 pro
641 1290 736 1348 sancti
753 1291 1030 1349 commemoratione
1042 1294 1268 1368 protomartyris

64 1374 110 1432 tui
125 1373 278 1450 Stephani,
292 1378 328 1430 ut
340 1372 417 1430 sicut
436 1371 522 1429 illum
544 1371 640 1449 passio
664 1372 733 1429 iecit
753 1372 922 1450 gloriosum,
945 1392 1000 1431 nos
1024 1372 1141 1430 devotio
1163 1374 1268 1432 reddat

64 1455 213 1513 innocuos
256 1453 315 1512 Per
328 1453 499 1511 Dominum.

125 1535 308 1595 Coroneum.

124 1617 224 1674 Video
251 1616 335 1674 caelos
365 1620 489 1692 apertos,
519 1621 550 1671 11
576 1614 682 1671 Jesum
709 1619 840 1672 stantem
866 1633 884 1671 a
911 1614 1024 1672 dextris
1050 1615 1172 1674 virtutis
1199 1616 1264 1675 Dei.

65 1699 194 1756 Domine
212 1697 234 1755 J
235 1717 296 1768 esu,
310 1696 408 1773 accipe
429 1695 568 1772 spiritum
590 1714 707 1754 meum:
738 1702 820 1753 etna
834 1700 948 1753 statuas
961 1696 1021 1753 illis
1034 1695 1089 1755 hoc
1103 1702 1263 1774 peccatum,

62 1781 133 1855 quia
146 1778 285 1837 nesciunt
298 1777 370 1854 quid
382 1777 504 1835 faciunt.

123 1858 365 1917 Poetrommunio.

121 1940 322 1998 Auxilientur
343 1938 436 2008 nobis,
461 1936 596 2010 Domine,
620 1942 739 2014 sumpta
759 1937 906 2014 mysteria,
922 1943 953 1996 et
965 1939 1167 1998 intercedente
1180 1941 1265 1997 besto

64 2022 215 2099 Stephano
237 2026 454 2098 protomartyre
477 2025 539 2092 tuo,
563 2018 741 2095 sempiterna
765 2019 949 2096 protectione
970 2020 1151 2079 confirment
1208 2021 1268 2078 Per

64 2102 236 2162 Dominum.

325 2231 365 2289 Iu
385 2231 448 2288 Dm
472 2247 577 2289 ssscrr
598 2231 757 2289 Jonsnsrs
776 2246 1001 2290 nvmonmsrs.

122 2330 265 2405 Officium

121 2411 163 2469 In
176 2411 275 2470 medio
288 2408 415 2468 ecclesire
428 2408 545 2485 operuit
558 2428 590 2466 os
605 2409 687 2485 ejus:
708 2415 739 2466 11
752 2408 888 2485 implevit
902 2428 970 2468 eum
990 2409 1137 2467 Dominus
1158 2410 1264 2487 spiritu

58 2493 214 2569 sapientiae
228 2497 259 2549 et
272 2490 439 2548 intellectus
453 2511 459 2547 z
480 2489 556 2546 stole
570 2489 670 2565 glorise
683 2489 784 2547 induit
797 2510 873 2547 eum

120 2574 171 2631 Pe.
215 2573 237 2631 J
238 2571 438 2630 ocunditatem
453 2577 483 2627 et
497 2571 731 2631 exultationem:
753 2570 963 2630 thesaurizavit
976 2591 1065 2649 super
1077 2591 1153 2630 eum.

120 2654 230 2730 Kyrie,
245 2653 440 2729 Omnipotens
454 2650 553 2709 Pater.

121 2735 233 2794 Oratio.

119 2815 283 2874 Ecclesiam
309 2820 403 2886 tuam,
431 2830 606 2890 quaesumus,
631 2811 769 2882 Domine,
795 2811 940 2889 benignus
966 2813 1091 2883 illustra,
1120 2819 1157 2870 ut
1183 2814 1263 2871 beati

51 2899 78 2956 J
79 2897 209 2956 ohannis
231 2895 372 2973 Apostoli
395 2895 441 2952 tui
465 2902 495 2952 et
523 2892 719 2969 Evangelistse
747 2892 915 2951 illuminata
942 2892 1094 2965 doctrinis,
1121 2894 1159 2951 ad
1185 2895 1264 2953 dous

53 2978 215 3056 perveniat
235 2977 420 3054 sempiterna.
464 2975 523 3032 Per
543 2974 714 3031 Dominum.

118 3059 266 3117 Memmii
279 3058 313 3116 dc
327 3058 362 3115 N
359 3057 488 3115 alteritate
502 3065 528 3113 et
542 3056 576 3112 ‹Ie
589 3064 688 3113 sancto
701 3052 853 3130 Stephano.

119 3140 217 3199 Lectio
232 3139 299 3197 luri
312 3138 469 3214 Sapientiae
482 3136 607 3210 (Ecclus
619 3156 662 3193 ore.
682 3136 756 3212 1-6)

121 3222 182 3291 Qui
195 3221 283 3278 timet
296 3219 395 3277 Deum
409 3218 496 3276 faciet
509 3218 587 3275 bona
599 3237 690 3293 usquc
703 3217 744 3274 od
761 3221 792 3274 et
809 3215 930 3276 nomine
951 3223 1062 3276 aeterno
1084 3217 1263 3277 hereditabit

54 3304 145 3362 illum
159 3302 308 3360 Dominus
322 3300 405 3359 Deus
417 3305 525 3357 noster.

120 3382 256 3441 Gradalc.

120 3464 208 3522 Exiit
220 3483 316 3522 sermo
330 3462 409 3520 inter
421 3461 535 3534 fratres,
551 3460 630 3536 quod
643 3459 804 3537 discipulus
816 3460 867 3518 ille
880 3480 941 3519 non
953 3461 1088 3520 moritur.

66 3547 94 3602 V.
122 3546 181 3604 Sed
194 3545 236 3603 sic
249 3564 317 3602 eum
330 3543 398 3601 volo
412 3562 531 3600 manere
544 3543 637 3599 donec
650 3542 768 3599 veniam
781 3563 787 3600 :
807 3548 843 3599 tu
856 3561 903 3599 me
916 3561 1043 3618 sequere.

119 3626 268 3703 Allcloya
317 3625 347 3684 V.
370 3624 432 3681 Hic
451 3630 496 3680 est
515 3623 675 3700 discipulus
696 3623 746 3680 ille
769 3622 822 3699 qui
841 3623 1046 3682 testimonium
1068 3623 1204 3701 perhibet
1225 3626 1261 3684 dc

62 3707 115 3781 his,
130 3715 160 3767 et
173 3709 282 3767 scimus
295 3706 367 3783 quia
379 3724 483 3762 verum
497 3711 542 3762 est
554 3704 758 3762 testimonium
772 3704 842 3780 ejus

121 3815 157 3874 SC
176 3814 283 3873 mia.

156 3836 202 3954 ᾳ]
204 3895 342 3966 ohannes,
357 3893 379 3952 J
381 3912 432 3952 esu
446 3891 565 3951 Christo
577 3892 706 3950 multum
720 3890 824 3950 dilecte
837 3890 929 3969 virgo,

181 3977 237 4048 Tu,
251 3976 315 4052 ejus
328 3994 436 4046 amore,
451 3972 597 4032 carnalem

181 4058 218 4116 In
234 4057 304 4114 navi
317 4061 469 4132 parentem
481 4054 605 4130 liquisti.

180 4139 228 4196 Tu
241 4137 307 4196 lene
320 4137 452 4213 conjugis
465 4142 567 4212 pectus
580 4135 727 4211 respuisti,
742 4134 880 4193 Messinm
894 4141 1020 4210 secutus,

181 4219 229 4278 Ut
242 4219 305 4295 ejus
319 4218 444 4295 pectoris
458 4236 539 4274 sacre
552 4217 706 4274 meruisses
719 4217 830 4274 fluenta
842 4222 951 4294 potere

180 4301 286 4378 Tuque
298 4300 332 4356 in
344 4306 425 4357 terre
438 4299 558 4374 positus,
572 4297 695 4373 gloriam
709 4297 887 4374 conspexisti
900 4299 972 4357 Filii
986 4300 1051 4373 Dei,

89 4393 93 4403 “
180 4382 255 4451 Qnse
269 4380 363 4438 solum
378 4379 486 4437 sanctis
499 4379 532 4435 in
546 4379 609 4436 vita
622 4379 752 4436 creditur
764 4380 930 4439 contuenda
943 4400 1003 4438 esse
1016 4379 1145 4457 perenni.

180 4462 223 4522 'l'e
236 4461 372 4522 Christus
385 4461 418 4518 in
431 4479 516 4518 cruce
529 4459 715 4536 triumphans
728 4460 818 4518 metri
830 4480 889 4519 suae
903 4460 985 4519 dedit
998 4460 1156 4535 custodem,
