2804 4920
167 336 210 400 64
531 332 638 399 Helui.
663 331 718 399 iit.
742 332 1013 419 Quadrupedem

218 502 398 723 gaillia!
410 582 517 661 popule
530 601 622 655 meus,
637 581 731 660 legem
750 602 868 642 meam:
899 581 1043 641 inclinate
1064 601 1168 641 aurem
1190 588 1327 643 reanum
1346 584 1376 641 in

166 685 219 723 rer
239 686 256 723 a
270 684 329 722 ons
342 684 408 724 mor.

227 746 368 897 giiilgde,
389 845 563 902 quaesumus,
583 826 769 901 omnipotens
791 826 881 897 Deua,
906 831 942 883 ut
960 826 1142 903 jejuniorum
1165 825 1254 885 nobis
1275 832 1374 885 molo

164 908 283 966 dovotio
296 913 327 965 et
341 907 575 983 purificationem
593 907 715 977 tribuat,
736 913 766 964 et
784 907 935 983 majestati
947 913 1008 965 tuae
1025 925 1079 965 nos
1100 906 1207 965 reddat
1229 916 1371 985 acceptos

164 988 224 1047 Por
244 989 414 1047 Dominum.

223 1070 318 1128 Lectio
332 1069 487 1127 Hieremiae
499 1068 649 1144 Propltclcc
669 1068 735 1143 (vii.
754 1070 827 1145 1-7).

224 1150 264 1208 In
279 1150 381 1207 diebus
394 1150 462 1222 illis,
477 1150 586 1207 Factus
607 1156 651 1207 est
665 1169 760 1207 semro
775 1148 898 1207 Domini
911 1150 950 1207 acl
963 1169 1018 1221 me,
1034 1149 1152 1207 dicens:
1173 1148 1229 1207 Sta
1242 1150 1275 1208 in
1290 1156 1372 1227 porta

163 1232 266 1289 domus
281 1231 402 1289 Domini
423 1252 513 1306 araque
534 1232 574 1287 cul
594 1230 627 1287 iu
646 1238 734 1301 terra,
751 1250 840 1307 quam
860 1230 928 1288 dedi
948 1230 1084 1307 patribus
1097 1231 1215 1302 vostris,
1227 1250 1248 1289 a
1267 1231 1372 1291 saeculo

163 1318 193 1370 ot
207 1332 299 1389 usque
313 1313 345 1369 in
359 1312 507 1385 sacculum,
522 1312 596 1370 dicit
610 1312 757 1369 Dominus
771 1311 965 1389 omnipotens.

224 1392 356 1452 Grodalc.

222 1475 309 1534 Oculi
330 1474 461 1531 omnium
482 1473 515 1529 in
534 1480 565 1532 to
585 1480 713 1550 sperant,
729 1473 874 1531 Domine:
895 1479 926 1531 et
944 1479 978 1530 tu
997 1473 1049 1531 das
1067 1472 1127 1530 illia
1141 1492 1240 1531 escam
1253 1474 1289 1531 in
1302 1480 1371 1533 tem-

160 1574 231 1631 pore
245 1562 418 1632 opportuno.

167 1636 195 1695 V.
221 1637 331 1713 Aperla
345 1643 380 1692 tu
395 1655 514 1693 manum
528 1641 629 1692 tuam:
650 1641 681 1692 ct
694 1634 798 1711 imples
812 1654 898 1692 omne
911 1634 1022 1693 animal
1035 1634 1253 1693 benedictione.

220 1716 388 1775 Samonium
400 1716 566 1774 Jota-aaaa
586 1717 640 1794 (ci.
658 1718 721 1793 35).

221 1798 260 1855 In
274 1798 326 1854 illo
339 1805 477 1874 temporo,
494 1798 570 1855 Cum
584 1797 768 1874 cognovisset
780 1797 877 1869 lesus,
893 1797 964 1873 quia
978 1796 1098 1854 venturi
1111 1804 1213 1855 essent
1226 1818 1323 1874 usquc
1331 1798 1371 1855 orl

159 1897 219 1936 non
234 1880 358 1936 esuriet:
379 1887 410 1936 et
424 1880 476 1955 qui
489 1878 580 1936 credit
595 1878 627 1935 in
640 1898 697 1949 mc,
711 1898 771 1935 non
785 1878 867 1935 sitiet
881 1898 1019 1955 unquam.

222 1958 413 2034 Offertorium.

219 2040 252 2098 si
275 2042 463 2098 ambulavero
487 2040 519 2097 in
543 2039 640 2097 medio
666 2039 867 2097 tribulationis
891 2039 1054 2097 vivificabis
1078 2058 1135 2112 me,
1157 2040 1315 2111 Domine:
1340 2046 1368 2101 et

158 2141 246 2198 super
266 2123 341 2179 iram
360 2122 548 2178 inimicorum
567 2140 699 2178 meorum
720 2121 862 2178 extendes
882 2141 1003 2178 manum
1023 2128 1116 2193 tumn,
1132 2126 1163 2178 ct
1181 2121 1304 2179 salvum
1324 2140 1369 2180 ms

157 2203 228 2260 fecit
241 2203 363 2260 dextera
375 2208 435 2259 tua

164 2284 192 2341 1⁷.
220 2284 258 2340 In
273 2302 447 2359 quacunque
464 2279 517 2357 dio}
529 2282 703 2340 invocavero
724 2289 763 2354 tc,
777 2282 887 2341 exaudi
899 2302 955 2356 me,
970 2282 1120 2340 Domine:
1147 2282 1365 2361 multiplicabis

156 2363 189 2420 in
202 2364 302 2421 anima
315 2383 381 2421 mea
394 2364 538 2420 virtutem
551 2369 642 2421 tuam.

218 2474 225 2499 l
331 2489 337 2502 .

219 2446 353 2598 librariis,
368 2525 506 2596 Domine,
521 2544 696 2600 quaesumus,
710 2525 748 2582 ad
761 2531 863 2583 sancta
877 2524 1017 2601 mysteria
1030 2524 1195 2601 purificatis
1214 2526 1364 2583 mentibus

155 2606 309 2665 accedero:
337 2613 372 2664 ut
397 2606 453 2663 tibi
477 2625 591 2683 semper
614 2612 780 2682 competens
804 2606 968 2663 deferamus
995 2605 1177 2681 obsequium.
1222 2606 1283 2665 Per
1306 2606 1361 2664 Do

156 2688 278 2745 urinum.

217 2768 397 2828 Coruncanio.

215 2851 261 2907 Tu
281 2849 429 2908 mandasti
450 2849 589 2907 mandata
608 2854 662 2907 tua
681 2847 822 2906 custodiri
842 2849 948 2906 nimis:
975 2848 1091 2906 utinam
1117 2848 1288 2925 dirigantur
1305 2848 1356 2905 via

154 2951 224 2989 meac
238 2932 276 2989 ad
290 2931 494 2990 custodiendas
503 2930 730 3007 justificationes
745 2936 818 2987 tuas.

213 3012 455 3071 I’ostcomauuaio.
1352 3050 1356 3057 -

214 3093 395 3151 Sacramenti
409 3093 463 3164 tui,
480 3093 615 3164 Domine,
631 3091 799 3149 veneranda
812 3090 969 3167 perceptio
985 3098 1015 3148 et
1029 3092 1154 3168 mystico
1168 3110 1221 3149 nos
1235 3088 1348 3148 mundet

152 3174 267 3243 effectu,
282 3182 312 3231 ot
326 3179 468 3249 perpetua
481 3173 594 3231 virtute
608 3173 753 3230 defendat.
798 3172 856 3229 Per
871 3173 1042 3230 Dominum.

212 3256 307 3329 Super
324 3254 477 3329 populu-m..

213 3335 385 3411 Subjcctum
412 3334 469 3390 tibi
495 3334 646 3411 populum,
672 3353 849 3410 quaesumus,
875 3334 1010 3405 Domino,
1036 3332 1210 3410 propitiatio
1233 3330 1340 3391 caelestis

151 3416 319 3492 amplificet,
334 3422 365 3472 et
378 3415 438 3472 tuis
451 3415 540 3473 faciat
553 3436 667 3492 semper
680 3417 789 3473 servire
803 3415 958 3473 mundatis.
1002 3415 1060 3471 Per
1075 3415 1245 3471 Domimmr.

638 3607 739 3663 anm
760 3603 869 3660 Saum.

213 3662 350 3737 Officium.

211 3745 270 3801 Fac
284 3762 406 3814 mecum,
423 3742 559 3812 Domino,
576 3741 692 3818 signum
707 3739 862 3796 iubenum
876 3759 882 3795 :
904 3743 939 3794 ut
955 3736 1077 3794 videant
1090 3737 1144 3812 qui
1158 3755 1204 3793 me
1218 3734 1339 3797 oderunt,
1401 3746 1402 3753 ’

149 3838 180 3883 ct
200 3824 438 3882 confundantur:
462 3822 601 3900 quoniam
621 3829 666 3893 tu,
681 3821 817 3893 Domino,
839 3818 980 3895 adjuvisti
1000 3838 1066 3875 me:
1087 3826 1118 3875 ot
1138 3816 1339 3876 consolatum

149 3926 203 3964 me.

211 3987 354 4045 Psalmao.

209 4068 334 4137 Inclina,
347 4066 483 4137 Domine,
496 4084 596 4123 aurem
607 4070 699 4136 tuam,
712 4069 742 4122 et
752 4062 859 4121 exaudi
871 4081 931 4120 me:
948 4060 1088 4137 quoniam
1099 4061 1185 4138 inops
1198 4066 1228 4118 et
1239 4064 1342 4137 pauper
1355 4072 1358 4077 ·

148 4171 214 4209 sum
228 4170 289 4227 ego.

210 4231 319 4290 Oratio.

207 4313 229 4371 J
230 4313 330 4389 ejunia
350 4316 460 4383 nostra,
483 4327 660 4385 quaesumus,
679 4305 815 4376 Domino,
837 4304 965 4382 benigno
986 4304 1085 4362 lavore
1105 4315 1288 4381 prosequere;
1302 4294 1343 4349 ²¹⁶

145 4395 223 4452 sicut
236 4395 274 4451 ab
288 4392 437 4450 alimentis
451 4391 633 4449 abstinemus
646 4389 678 4446 in
692 4408 819 4466 corpore,
836 4387 879 4445 ita
892 4407 910 4444 a
923 4386 1005 4445 vitiis
1014 4386 1184 4462 jejunemus
1196 4385 1228 4443 in
1240 4382 1340 4439 mente·

147 4475 207 4533 Per
220 4475 392 4532 Dominum.
