2804 4920
433 349 576 416 Sabbata
597 359 711 453 scitoto
733 351 877 418 Paccius.
1198 354 1260 417 105

110 516 177 575 Hoc
193 525 290 575 noctem
311 525 403 575 totam
414 516 536 592 saetam
557 527 597 576 est
610 518 703 594 jueta
723 521 937 579 institutionem
952 521 1027 579 beati
1040 520 1152 578 Zom'mi
1165 541 1262 596 papie.

47 596 110 655 Per
123 619 235 656 cerotem
248 598 354 674 qnippe
369 598 481 657 Oloristi
495 600 667 674 dosia-riatur
685 601 858 659 hecataroitas
867 625 879 671 ;
900 602 1014 677 liparam
1028 602 1062 659 ia
1077 623 1140 658 cero
1146 605 1263 675 Jiyarat

47 679 237 738 divinitatem
250 681 382 753 cispiaco
397 701 481 737 correo
495 681 713 741 obumbratam:
735 682 813 757 iaicis
827 684 859 740 in
874 704 949 741 cerco
962 704 1054 740 aeroas
1067 684 1174 739 arciens
1187 702 1263 739 aoea

47 760 187 818 doctriua
212 760 324 819 Christi
347 782 368 818 a
390 760 507 820 Christo
530 763 565 819 ia
588 762 735 838 apostotos,
762 764 798 821 ab
825 765 962 841 apostolis
988 764 1023 821 ia
1049 764 1196 820 treated-am
1222 784 1267 820 re«

48 841 212 917 splendens.

111 923 220 980 Fini-ta
240 923 430 982 benedictione
450 925 529 998 cerei,
546 924 684 982 Daca-rias
704 925 748 982 oet
766 946 847 984 areas
862 927 897 984 de
915 925 1076 1002 azajom'bas
1092 925 1263 1001 pronuntiet
1321 974 1326 982 .

50 1004 215 1063 Lectionem
228 1005 291 1062 siae
305 1005 398 1065 titum.

115 1098 233 1156 Genesis
246 1099 283 1175 (i.
303 1099 391 1156 l-ii.
409 1099 452 1176 2).
496 1099 535 1155 In
549 1099 695 1176 principio
709 1101 820 1158 creavit
834 1122 924 1176 respue
938 1102 979 1157 act
992 1100 1071 1176 quod
1085 1107 1226 1176 patrarat.

112 1179 154 1236 Et
167 1181 208 1236 sic
222 1180 356 1255 teporatur
369 1181 514 1238 Lectiones
527 1181 588 1237 siae
603 1181 673 1238 titul
689 1226 695 1238 .

111 1259 240 1318 Interim
259 1261 430 1337 Episcopus,
447 1261 665 1338 pontificatibus
685 1262 858 1321 solteamiter
877 1263 1010 1329 inclutus,
1026 1282 1093 1319 cam
1112 1260 1264 1318 Ministris

48 1341 113 1399 suis
128 1341 267 1417 procedat
281 1343 321 1399 ad
336 1342 445 1411 Altam,
461 1352 486 1399 et
500 1343 626 1400 osculato
640 1342 739 1400 alacri
751 1365 828 1401 oreore
843 1344 933 1424 solito,
946 1345 1039 1401 secieat
1046 1343 1137 1417 juxta
1151 1343 1260 1412 Altam,

49 1424 140 1480 donec
153 1422 266 1495 lenatia
280 1424 382 1481 Lectio.
426 1425 492 1494 Qua
505 1427 584 1493 tecta,
600 1425 732 1499 seqzcitar
748 1424 848 1482 Oratio
862 1425 923 1483 eine
938 1425 1085 1481 Dominus
1098 1423 1264 1494 vobiscum,

50 1513 76 1561 et
90 1504 153 1561 sinc
168 1504 194 1560 F
195 1505 346 1574 lectamus,
360 1506 410 1562 sect
431 1514 546 1562 tantron
561 1525 627 1562 cans
642 1505 775 1562 Oremus.

110 1585 205 1654 Deus,
226 1586 279 1661 qui
298 1586 475 1643 mirabiliter
495 1585 644 1643 hominem
666 1587 772 1643 creasti
792 1593 824 1643 et
843 1586 1009 1643 mirabilius
1029 1584 1180 1643 redemisti
1191 1605 1199 1657 ;
1223 1585 1262 1641 cta

50 1666 144 1737 nobis,
160 1686 337 1744 quesumus,
354 1676 457 1724 contra
471 1667 687 1724 oblectamenta
703 1668 817 1743 peceati
836 1669 945 1725 mentis
965 1668 1080 1725 ratione
1096 1667 1263 1743 persistere,

51 1754 87 1804 ut
101 1767 269 1805 mereamur
282 1749 320 1805 ad
333 1748 442 1824 gaudia
455 1755 565 1805 aeterna
579 1749 740 1824 pervenire.
784 1748 842 1806 Per
857 1749 1030 1807 Dominum.

111 1841 210 1899 Lectio
223 1842 357 1898 secanda.
402 1841 518 1916 (Exodi
530 1841 586 1898 orie.
604 1841 703 1913 24-31,
725 1863 769 1899 ao.
789 1842 834 1919 l.)

112 1922 240 1979 Factum
263 1928 307 1979 est
330 1923 362 1978 in
383 1922 486 1999 vigilis
509 1923 668 1994 matutina,
690 1930 720 1980 ot
741 1943 806 1980 ecce
826 1923 984 2000 respiciens
1005 1923 1153 1980 Dominus
1173 1935 1266 1997 stipor

53 2010 147 2060 eastra
164 2024 255 2078 usq-ue
273 2005 314 2060 od
332 2004 416 2061 Tunc
434 2003 541 2061 cecinit
559 2003 678 2079 Moyses
692 2013 722 2062 et
736 2005 791 2061 filii
809 2005 902 2063 Israel
920 2024 1037 2061 carmen
1051 2004 1106 2060 hoe
1120 2003 1263 2072 Domino,

57 2092 84 2141 et
97 2085 249 2142 dixerunt.

115 2166 248 2224 Tractus.

113 2247 275 2304 Cantemus
289 2246 429 2319 Domino,
443 2247 568 2323 glorioso
582 2246 662 2303 enim
679 2246 889 2304 honorificatus
909 2255 972 2317 est3
994 2265 1104 2322 equum
1118 2252 1149 2303 et
1164 2265 1261 2304 uscun-

60 2347 146 2385 sorem
160 2329 286 2404 projecit
299 2329 331 2384 in
345 2348 445 2400 mure,
464 2329 583 2404 acljutor
596 2336 626 2384 et
640 2336 789 2404 protector
803 2330 897 2385 fuctus
911 2336 956 2384 est
969 2328 1044 2385 mibi
1058 2329 1088 2384 in
1104 2327 1238 2384 salutem.

67 2407 90 2465 V.
116 2409 176 2467 Hic
190 2409 273 2466 Deus
291 2429 383 2482 meus,
398 2416 429 2466 et
447 2410 647 2466 honorificabo
665 2429 751 2468 eum:
773 2410 855 2467 Deus
872 2410 971 2466 Patris
989 2410 1056 2480 mei,
1072 2416 1103 2466 et
1121 2408 1264 2465 exaltabo·

65 2508 129 2547 eum.

69 2568 91 2626 i.
114 2571 260 2628 Dominus
274 2576 428 2628 conterens
441 2571 519 2628 bella
527 2591 536 2644 3
557 2571 706 2629 Dominus
720 2592 828 2629 nomen
843 2578 887 2630 cst
902 2571 953 2628 illi.

118 2663 224 2722 Oratio.

115 2745 202 2816 Deus,
221 2745 307 2821 enjus
327 2745 450 2820 antiqua
470 2745 612 2803 miracula
631 2745 721 2803 etiam
742 2747 852 2802 nostris
872 2745 985 2802 suculis
1005 2763 1157 2800 coruscare
1171 2740 1262 2799 semia·

64 2841 120 2882 mus
128 2847 136 2898 ς
154 2827 225 2883 darm
241 2826 320 2903 quod
333 2825 387 2882 uni
402 2826 945 2903 populo,upersecntioneAEgyptiuea
959 2825 1119 2895 liberando,
1129 2824 1259 2880 dextera

61 2910 114 2962 tua
137 2909 272 2985 potentia
295 2907 457 2979 contulisti,
481 2907 513 2963 in
535 2908 662 2965 sulutem
689 2908 721 2965 id
748 2908 883 2984 gentium
908 2926 961 2982 per
981 2925 1087 2981 uquam
1109 2924 1263 2980 regenero--

62 2985 141 3045 tionis
154 2989 301 3067 operaris:
323 2995 438 3065 presta,
454 3008 630 3064 quaesumus
646 2995 682 3046 ut
696 2995 727 3046 et
741 2989 770 3044 in
781 2987 912 3045 Abrahm
927 2987 1011 3056 filios,
1026 2997 1056 3043 et
1071 2986 1103 3042 in
1117 2985 1262 3043 Israelitt

60 3083 119 3125 eam
130 3069 313 3148 dignitatem,
329 3069 422 3126 totius
436 3070 541 3127 mundi
555 3077 687 3127 transeat
699 3069 862 3146 plenitudo.
906 3068 964 3125 Per
978 3068 1152 3124 Domimrm.

116 3162 206 3221 Lectio
221 3163 316 3220 tertia.
359 3161 477 3237 (Esaia
491 3163 548 3238 ir.)

116 3243 347 3321 ‘apprehendent
370 3250 482 3320 septem
507 3244 644 3301 mulieres
664 3245 762 3301 virum
787 3262 881 3300 unum
902 3243 934 3299 in
959 3241 1006 3298 die
1030 3240 1084 3298 illa
1103 3261 1194 3316 aspice
1218 3238 1259 3298 od

57 3321 129 3381 etin
140 3327 329 3384 securitatem
344 3331 375 3382 et
388 3327 608 3382 absconsionem
622 3346 639 3382 a
653 3325 774 3382 turbine
788 3331 819 3382 et
832 3344 850 3381 a
863 3323 972 3400 pluvia.

117 3418 242 3478 Tractus.

116 3496 206 3559 Vinea
221 3500 302 3556 factu
316 3505 360 3556 est
374 3499 482 3556 dilecto
496 3519 562 3556 meo
576 3500 605 3556 in
622 3519 722 3568 corna,
737 3499 769 3555 in
783 3498 847 3555 loco
861 3497 952 3555 uberi.

66 3567 97 3629 1⁷·
116 3577 152 3637 Et
164 3581 323 3639 maceriam
337 3581 540 3650 circumdedit,
552 3589 583 3636 ct
597 3580 792 3652 circumfodit,
805 3587 836 3637 et
849 3579 998 3655 plantavit
1008 3578 1126 3635 vineam
1141 3576 1257 3648 Soretb,

58 3658 93 3706 “t
103 3661 250 3721 edificavit
266 3661 372 3718 turrim
388 3662 420 3718 in
434 3662 531 3719 medio
546 3663 615 3737 ejus

66 3727 96 3791 V·
117 3740 151 3801 Et
163 3744 296 3802 torcular
310 3742 386 3799 fodit
400 3744 431 3800 in
446 3764 498 3801 ca:
520 3744 607 3799 vinca
622 3742 746 3799 Domini
761 3741 891 3799 Sabaoth
905 3741 1009 3798 <lanias
1024 3740 1118 3797 Israel
1132 3747 1184 3796 est.

116 3822 245 3883 Oremus.

114 3899 196 3979 Deus,
212 3906 266 3983 qui
280 3925 335 3961 nos
349 3904 386 3961 sd
404 3904 610 3962 eoiebmndam
630 3904 764 3980 paschale
786 3909 1011 3973 sacramentum,
1026 3902 1181 3978 utriusque
1201 3909 1257 3957 tes·

60 3974 172 4045 tamenti
184 3988 302 4066 paginis
317 3986 469 4042 imbuisti:
490 3985 528 4042 da
541 3985 626 4042 nobis
641 3986 805 4062 intelligere
819 3984 1049 4042 misericordium
1064 3991 1154 4050 tunm,
1170 3990 1203 4039 nt
1217 4000 1255 4038 cx

62 4067 232 4144 tmeepaone
264 4068 454 4144 presentium
487 4086 651 4139 muncrum,
678 4069 763 4124 firma
794 4068 834 4123 sit
866 4065 1048 4142 exspectatio
1076 4064 1253 4122 futurorum.

63 4128 115 4197 Per
126 4147 294 4208 Dominum.

116 4239 201 4303 Lectio
221 4251 338 4320 quarta.
381 4241 504 4319 (Esaia,
521 4241 567 4299 m.
587 4243 632 4314 17,
655 4242 690 4299 tc.
709 4242 783 4299 ]-1].
788 4244 805 4317 )

115 4317 180 4384 Hac
200 4332 247 4383 ost
266 4323 415 4382 hereditas
435 4344 526 4398 ‘aspice
547 4325 588 4380 att
607 4323 776 4401 egredietur
797 4322 832 4379 de
854 4341 903 4379 ore
924 4341 999 4394 meo,
1017 4319 1090 4378 dicit
1107 4316 1255 4376 Dominus

71 4402 241 4480 omnipotens.

119 4493 195 4558 Hanc
209 4498 378 4558 Oratiomm
391 4518 449 4555 acm
464 4507 605 4572 sequatur
618 4496 721 4567 lectio,
737 4497 786 4554 scd
801 4496 932 4554 Tractus.
