2804 4920
345 332 395 398 lot
417 332 541 399 Natali
558 332 797 419 plumbeorum
818 334 1024 418 Manyrum.
1219 338 1285 402 383

141 499 293 577 Alleluya.
343 500 372 559 V.
395 500 498 559 Sancti
512 501 568 571 tui,
583 500 720 570 Domine,
735 500 910 558 benedicent
923 507 973 558 tc:
993 500 1116 577 gloriam
1134 503 1218 579 mgni
1238 504 1285 561 tui

82 581 191 640 dicent.

140 662 293 738 Alleluya.
343 663 372 721 V.
395 662 526 720 Stabunt
541 662 619 738 justi
638 661 672 718 in
689 681 796 740 magna
809 663 994 719 constantia:
1017 663 1156 721 adversus
1169 684 1218 721 eos
1231 665 1284 741 qui

82 762 110 800 se
123 744 383 821 angentiavorunt.

139 823 292 901 Alleluya.
343 824 371 881 V.
395 823 546 882 Mirabilis
559 823 707 881 Dominus
721 829 822 880 noster
835 824 866 880 in
881 824 990 881 sanctis
1004 825 1071 883 suis

139 904 292 982 Alleluya.
341 905 370 964 V.
394 904 567 980 Fulgebunt
581 905 677 981 justi:
698 911 729 961 et
744 912 886 980 tanquam
899 905 1035 963 scintillas
1049 906 1081 962 in
1097 906 1283 975 arimdineto,

83 985 248 1044 discurram
261 987 295 1043 in
308 992 462 1043 aeternum.

139 1066 293 1143 Alleluya.
343 1067 371 1124 V.
395 1066 529 1124 laudate
543 1065 628 1142 pueri
642 1065 822 1122 Dominum:
844 1065 962 1122 laudate
975 1086 1083 1124 nomen
1097 1067 1228 1128 Domini.

138 1148 290 1224 Alleluya
339 1147 369 1206 V.
397 1149 515 1206 Reddet
539 1147 687 1204 Dominus
708 1147 871 1204 mercedem
894 1154 1061 1204 sanctorum
1083 1169 1223 1207 suorum:
1253 1158 1283 1207 et

83 1228 208 1287 deducet
220 1249 270 1286 eos
283 1230 316 1286 in
330 1230 381 1286 via
394 1229 530 1287 mirabili.

139 1308 292 1386 Alleluya.
342 1309 372 1368 V.
395 1310 437 1367 Te
451 1317 618 1384 nmrtyrum
632 1309 805 1366 candidatus
819 1308 922 1365 laudat
935 1309 1089 1379 exercitus,
1105 1309 1240 1369 Domine.

139 1390 292 1466 Allelaya.
340 1390 370 1449 V.
393 1390 464 1448 Vox
478 1389 686 1448 exsultationis
700 1397 730 1448 ot
744 1390 848 1447 salutis
861 1390 893 1446 in
909 1390 1107 1447 tabernaculis
1122 1392 1281 1467 justorum.

138 1471 292 1547 Alleluya.
342 1471 371 1531 V.
394 1471 497 1529 Sancti
511 1471 636 1547 etjusti‚
652 1472 685 1527 in
706 1470 836 1527 Domino
855 1471 998 1547 gaudete:
1018 1491 1071 1528 vos
1091 1471 1180 1549 elegit
1200 1472 1283 1531 Deus

81 1551 110 1608 in
123 1552 331 1610 haereditatem
344 1552 411 1610 sibi.

139 1632 293 1709 Alleluys.
342 1633 371 1691 V.
394 1633 497 1690 Sancti
519 1634 573 1705 tui,
594 1632 731 1704 Domine,
752 1632 900 1690 florebunt
921 1632 998 1690 sicut
1019 1632 1135 1692 lilium:
1156 1640 1187 1691 et
1206 1634 1284 1691 sicut

82 1712 153 1772 odor
165 1714 292 1771 balaami
305 1724 395 1772 crunt
408 1722 479 1771 ante
493 1720 530 1770 te..

140 1794 292 1871 Alleluya.
342 1795 371 1853 V.
395 1795 553 1852 Laetamini
581 1794 613 1850 in
642 1793 781 1864 Domino,
804 1802 835 1850 et
862 1793 1027 1852 exsultate:
1059 1803 1090 1852 et
1115 1795 1283 1873 gloriamini

82 1894 182 1933 omnes
195 1877 271 1934 recti
285 1876 380 1934 eorde.

140 1956 293 2032 Alleluya.
338 1950 371 2014 V.
394 1955 534 2028 Vindica,
549 1955 687 2028 Domine,
707 1956 878 2032 sanguinem
900 1963 1065 2013 sauctorum
1087 1964 1216 2029 tuorum,
1230 1959 1282 2033 qui

82 2036 191 2095 effusus
205 2046 251 2094 est
264 2058 354 2114 super
367 2044 486 2095 temam.

141 2118 291 2194 Alleluya.
341 2118 370 2175 l'.
393 2118 599 2175 Exsultobunt
612 2118 706 2175 sancti
721 2117 753 2174 in
766 2116 880 2195 gloria:
902 2118 1083 2175 letabuntur
1092 2118 1124 2174 in
1135 2118 1282 2176 cubilibus

82 2217 150 2256 suta

142 2279 291 2356 Alleluya.
342 2278 371 2338 V.
394 2280 415 2338 J
419 2278 580 2337 udicabunt
594 2279 688 2336 sancti
703 2280 839 2336 nationes
859 2287 890 2336 et
903 2279 1136 2337 dominabuntur
1149 2281 1281 2357 populis:

84 2365 118 2415 et
129 2361 264 2438 regnabit
277 2361 398 2419 illorum
411 2380 465 2418 rex
481 2360 510 2417 iu
527 2369 677 2418 oeternum.

142 2441 305 2517 Sequentia.
349 2441 425 2499 Ecce
439 2440 570 2518 pulchra,
586 2451 620 2498 ut
630 2462 722 2517 stupra
735 2442 769 2498 in
784 2440 941 2499 Gonnnuui
954 2442 1046 2499 'iccius
1059 2443 1205 2519 oiortpria.

145 2521 275 2580 Tractus.
320 2522 381 2592 Qui
393 2523 550 2580 seminant.

143 2602 310 2661 Secundum
323 2603 498 2660 Matlloeum
512 2604 553 2678 (v.
573 2604 667 2678 l-l2).

144 2682 179 2742 Iu
193 2684 247 2741 illo
260 2700 402 2761 tempore,
417 2684 533 2742 videns
554 2684 575 2742 J
577 2704 644 2742 esus
661 2684 773 2755 turbas,
787 2685 918 2742 ascendit
932 2685 965 2742 in
980 2691 1110 2743 montem
1130 2706 1221 2761 casque
1240 2688 1282 2743 od

91 2756 215 2823 Gaudete
228 2773 261 2822 et
274 2765 441 2823 exsultate:
461 2766 602 2842 quoniam
616 2785 724 2823 merces
738 2773 836 2824 vestra
850 2768 965 2841 copiosa
979 2774 1024 2823 est
1037 2767 1069 2822 in
1082 2766 1167 2824 caelis.

142 2845 310 2904 Secundum
324 2845 499 2903 Mendaeum
512 2848 559 2917 (oc.
577 2846 695 2919 ‘lt-32).

91 2994 99 3009 .
142 2924 179 2983 In
192 2927 247 2984 illo
260 2933 402 3003 tempore,
418 2927 508 2985 Dixit
527 2927 615 2985 Jesus
636 2926 787 3004 discipulis
808 2928 887 2999 suis;
907 2927 980 2985 Cum
1002 2935 1216 3003 persequentur
1228 2948 1280 2985 ros

89 3013 118 3054 ¹¹²
129 3006 248 3065 civitate
261 3008 320 3065 ista
333 3029 424 3083 uoqctc
437 3008 479 3066 od
490 3028 588 3066 coram
604 3008 692 3066 Patre
706 3029 771 3065 meo
785 3010 836 3084 qui
850 3016 896 3066 cst
908 3008 939 3065 in
954 3007 1039 3064 caelis.

140 3087 309 3148 &medam
322 3089 435 3146 Luscum
448 3090 524 3163 (wi.
544 3089 655 3165 14-19).

139 3167 178 3227 In
193 3170 246 3227 illo
264 3176 406 3246 tempore,
422 3170 511 3227 Dixit
526 3169 615 3228 Jesus
635 3169 786 3247 discipulis
806 3170 867 3227 suis
877 3191 885 3241 3
911 3169 1018 3228 Ponite
1040 3190 1109 3247 ergo
1130 3191 1220 3246 usquc
1240 3173 1281 3229 ad

82 3250 265 3309 maidebitis
279 3252 393 3308 animas
407 3259 527 3308 vestras.

137 3330 310 3390 Secundam
322 3331 435 3390 lunam
448 3332 503 3409 (ci.
521 3332 635 3410 17-23).

137 3410 178 3469 In
192 3411 246 3470 illo
259 3420 400 3489 tempore,
416 3412 603 3471 Descendens
617 3413 638 3471 J
639 3433 704 3470 esus
719 3412 755 3471 do
769 3420 869 3470 monte
883 3414 968 3471 stetit
987 3415 1019 3471 in
1040 3414 1104 3472 loco
1124 3416 1280 3492 eampcstri

82 3495 168 3559 'uque
182 3495 224 3551 ad
237 3513 303 3551 ecce
317 3495 396 3551 enim
410 3513 519 3552 merces
533 3502 632 3551 vestm
645 3493 740 3550 multa
754 3501 799 3551 est
813 3495 844 3550 in
858 3494 935 3553 caelo.

136 3573 311 3633 Secundum
325 3575 438 3632 Lucam
451 3576 526 3650 (cxci.
544 3575 638 3653 9-19)

137 3652 179 3711 In
201 3654 255 3712 illo
276 3660 416 3732 tempore,
432 3656 522 3713 Dixit
542 3656 632 3714 Jesus
653 3655 805 3732 discipulis
824 3657 902 3718 suis:
924 3658 999 3715 Cum
1013 3659 1165 3715 audieritis
1179 3659 1280 3735 praelia

83 3721 98 3772 l
115 3735 387 3812 seditionumque
400 3738 441 3794 cd
455 3737 494 3794 In
508 3738 653 3811 patientia
666 3746 764 3796 vestra
779 3738 965 3813 possidebitis
978 3740 1091 3796 animas
1104 3748 1223 3798 vestras.

137 3816 343 3891 annqeliam.
385 3817 553 3876 Secundum
567 3819 679 3877 Lucam
692 3819 764 3890 (ccii.
785 3821 857 3895 1-8).

138 3895 181 3954 In
202 3898 256 3956 illo
277 3904 419 3976 tempore,
435 3899 523 3957 Dixit
545 3900 633 3958 Jcsus
655 3900 807 3977 discipulis
828 3902 906 3972 suis;
930 3901 1089 3958 Attendite
1103 3922 1121 3958 a
1135 3901 1280 3960 fermento

82 3953 298 4127 Klgrlilzaeorum
325 4001 415 4055 usqrte
442 3982 483 4037 ed
509 3987 541 4039 et
571 3982 664 4039 Filius
695 3983 823 4039 hominis
852 3983 1040 4040 confitebitur
1066 3983 1152 4040 illum
1180 4004 1277 4043 coram

135 4059 175 4115 o'
207 4059 273 4117 Dei.

137 4138 309 4199 Scmndum
321 4141 496 4200 dlotllioeum
509 4144 602 4217 (xxiv.
619 4144 713 4221 3-13).

139 4218 181 4277 In
193 4220 247 4278 illo
259 4228 398 4299 tempore,
414 4223 541 4282 Sedentc
554 4225 575 4283 J
577 4245 629 4283 esu
643 4247 732 4303 usquc
746 4227 787 4285 ad
800 4226 849 4285 hic
862 4226 961 4285 sulvus
975 4227 1039 4285 erit.

138 4298 308 4361 Secundum
320 4303 458 4363 Marcum
471 4306 552 4379 (xiii.
572 4308 618 4367 1·7
621 4308 645 4382 )

82 4437 89 4451 ,
142 4379 182 4439 In
194 4383 247 4440 illo
260 4392 399 4461 tempore,
416 4386 593 4461 Egrediente
607 4388 628 4446 J
630 4409 681 4447 esu
695 4390 732 4449 de
746 4389 865 4467 templo,
878 4391 921 4448 nit
934 4390 978 4449 illi
989 4410 1066 4450 unus
1080 4410 1116 4449 cx
1129 4390 1280 4470 discipulis

82 4457 147 4515 ΝΒ
159 4482 247 4539 παφα
259 4465 302 4524 od
313 4465 363 4525 sed
378 4471 510 4526 nondum
523 4471 626 4528 statim
640 4472 715 4530 linis.
