2804 4920
431 336 891 424 nouauooaaoqeomoe.
1217 297 1273 409 71⁵

115 504 375 582 &ronedum
564 575 568 585 .

116 586 228 665 Populi
239 588 296 660 tui,
307 585 399 659 Deus,
410 586 568 646 instituta·
580 592 610 645 et
623 591 728 658 rector,
736 590 865 664 peccam,
877 585 988 662 quibus
1000 586 1201 665 impugnatur,
1213 605 1263 647 ex-

54 667 141 761 pelle,
163 675 201 727 ut
220 686 333 746 semper
353 667 410 727 tibi
427 667 564 746 placitus,
580 674 611 726 et
633 673 687 725 tuo
710 667 875 725 munimine
894 668 935 727 sit
955 687 1080 727 securus
1123 666 1182 726 Per
1202 668 1262 761 Do

54 767 181 807 minum.

540 870 642 930 Fsars
665 871 777 932 Serra,

116 953 260 1028 Officium

114 1034 275 1092 Meditatio
289 1035 384 1092 cordis
397 1034 455 1093 mei
468 1034 502 1092 in
515 1040 672 1112 conspectu
682 1041 736 1093 tuo
748 1054 881 1112 semper:
902 1033 1040 1108 Domine,
1052 1034 1172 1111 adjutor
1181 1053 1264 1092 meus

54 1121 85 1173 et
98 1116 268 1193 redemptor
281 1134 371 1174 meus

115 1196 262 1254 Psolrnus.
626 1264 630 1271 .
1268 1260 1270 1265 ,

115 1276 189 1335 Oaeli
202 1283 342 1336 enarrant
354 1277 478 1356 gloriam
492 1275 570 1338 Dei:
590 1282 622 1336 et
634 1297 724 1355 opera
742 1297 885 1336 manuum
904 1276 968 1354 ejus
988 1275 1147 1335 annuntiat
1166 1275 1264 1336 firma-

55 1365 199 1417 mentum

117 1437 227 1498 Oratio.

114 1520 206 1592 Deus,
229 1519 282 1596 qui
301 1519 500 1579 ineffabilibus
518 1519 665 1579 mundum
685 1539 809 1579 renovas
828 1519 1019 1579 sacramentis
1028 1538 1037 1593 ;
1057 1524 1172 1597 praeta,
1186 1535 1263 1597 quae-

51 1620 164 1672 sumus,
177 1609 213 1659 ut
228 1600 358 1659 Ecclesia
375 1607 431 1660 tua
450 1602 568 1660 aeternis
588 1602 722 1679 proficiet
741 1602 898 1676 institutis,
918 1607 948 1660 et
969 1600 1181 1679 temporalibus
1201 1619 1262 1658 non

53 1682 240 1740 destituatur
252 1682 379 1740 auxiliis
422 1682 482 1741 Per
495 1683 666 1741 Dominum.

111 1762 211 1821 Lectio
224 1763 294 1821 libri
306 1763 420 1839 Reqmu
439 1763 476 1840 (3
497 1764 566 1822 soii.
585 1764 700 1841 17-24).
1062 1824 1063 1827 ,

113 1843 153 1902 In
167 1843 271 1902 diebus
284 1843 353 1917 illis,
368 1844 542 1922 AEgrotavit
554 1845 634 1902 filius
648 1844 780 1903 mulieris
799 1865 890 1920 asqooe
910 1845 952 1903 od
972 1844 1064 1902 Nunc
1077 1844 1110 1901 in
1124 1842 1182 1902 isto
1196 1862 1261 1921 eog-

50 1924 124 1983 novi
137 1925 280 2001 quoniam
292 1926 340 1983 vir
353 1925 413 1983 Dei
426 1946 457 1984 es
470 1933 514 2000 tu,
529 1933 560 1984 et
573 1927 698 1984 verbum
712 1926 835 1983 Domini
848 1926 882 1983 in
896 1946 946 1984 ore
959 1932 1012 1983 tuo
1025 1944 1130 1983 verum
1144 1929 1197 1983 est

112 2086 234 2144 Bomm
247 2092 293 2145 est
305 2087 452 2146 confidere
464 2088 498 2145 in
512 2087 642 2146 Domino
656 2109 662 2146 :
686 2107 776 2165 quam
788 2087 933 2146 confidere
946 2087 979 2144 in
992 2086 1120 2144 homine.

56 2167 86 2225 Γ.
113 2167 234 2226 &num
247 2173 293 2226 est
306 2188 423 2245 sperare
435 2169 467 2224 in
482 2168 628 2226 Domino:
650 2189 740 2245 quam
753 2188 870 2246 sperare
883 2170 916 2227 in
929 2168 1119 2245 principibus
1206 2215 1208 2222 .

112 2248 248 2307 Proetus
291 2249 429 2321 Domine,
444 2268 506 2307 non
519 2250 688 2308 secundum

111 2328 283 2387 Secundum
294 2329 462 2389 Jotorowm
481 2329 537 2408 (oi.
557 2331 649 2408 1-45).
1266 2358 1270 2371 ·

112 2410 153 2468 In
173 2409 226 2468 illo
247 2417 387 2487 tempore,
403 2411 477 2468 Erat
498 2411 619 2488 quidam
639 2411 781 2488 languens
795 2411 923 2469 Lazarus
941 2430 959 2469 a
973 2410 1128 2482 Bethania,
1144 2409 1182 2468 de
1201 2429 1260 2469 cas

49 2490 123 2550 tello
144 2490 251 2549 Maria
272 2498 303 2549 et
323 2491 451 2550 Martha
471 2511 606 2550 sororum
626 2493 690 2568 ejus
709 2512 799 2567 usqae
819 2493 860 2550 od
880 2491 974 2549 Multi
994 2511 1062 2568 ergo
1082 2510 1121 2549 ex
1134 2489 1257 2562 Jodoeir,

48 2573 102 2648 qui
115 2578 262 2630 venerant
275 2573 314 2630 ad
327 2572 456 2631 Mariam
470 2578 501 2632 et
514 2572 676 2647 Martham,
691 2580 721 2631 et
734 2573 872 2631 viderant
891 2592 957 2650 quae
971 2573 1042 2630 fecit
1054 2573 1077 2631 J
1078 2591 1152 2644 esus,
1169 2572 1259 2629 eredi-

49 2653 162 2712 derunt
174 2653 208 2710 in
222 2671 298 2711 eum.

111 2732 308 2808 offertor-ima

110 2814 262 2892 Populum
285 2814 428 2874 humilem
452 2815 567 2873 salvum
591 2815 687 2889 facies,
711 2814 858 2874 Domine:
889 2819 919 2873 et
942 2813 1040 2873 oeulos
1064 2813 1256 2890 superborum

50 2894 242 2954 humiliabis:
271 2896 410 2972 quoniam
424 2897 491 2973 quis
505 2897 594 2970 Deus,
610 2905 718 2974 praeter
731 2903 769 2968 te,
785 2896 935 2954 Dominel

110 3057 243 3116 Munera
251 3076 314 3129 nos,
324 3056 460 3130 Domine,
471 3077 647 3134 quaesumus,
658 3058 756 3117 oblata
765 3058 922 3136 purificent
933 3078 940 3116 z
961 3063 991 3116 et
1001 3062 1033 3115 te
1046 3056 1132 3114 nobis
1144 3055 1256 3114 faciant

52 3137 406 3216 jugitatesseplaoatum.
449 3139 509 3197 Per
521 3139 692 3198 Dominum.
1061 3188 1066 3196 .

111 3217 294 3280 Cornmwnio.

111 3299 227 3358 Videns
240 3299 389 3359 Dominus
403 3300 506 3360 flentes
519 3321 630 3360 sorores
643 3301 747 3360 Lazari
760 3301 799 3359 ad
811 3306 1054 3359 monumentum:
1075 3301 1254 3376 lacrymatus

61 3386 98 3437 est
118 3400 216 3440 eoram
238 3381 353 3439 Judoeis
375 3386 406 3440 et
426 3382 589 3440 clamabat:
615 3382 731 3457 Lazaro,
753 3383 823 3440 veni
844 3382 940 3454 foras3
968 3388 999 3439 et
1016 3382 1127 3458 prodiit
1144 3381 1253 3459 ligatus

64 3461 187 3521 manibus
200 3468 232 3521 et
245 3462 376 3540 pedibus,
391 3463 444 3540 qui
456 3464 553 3521 fuerat
566 3464 781 3541 quatriduanus
794 3470 937 3521 mortuus.

101 3542 354 3607 ,Polemonia

116 3621 187 3684 Hac
206 3644 269 3697 nos,
285 3644 460 3701 quaesumus,
480 3625 617 3698 Domine,
635 3624 823 3702 participatio
843 3624 1028 3695 sacramenti,
1043 3628 1074 3681 et
1091 3642 1110 3681 a
1126 3622 1253 3700 propriis

10 3718 12 3731 ¹
70 3703 179 3763 restibus
201 3705 405 3765 indesinenter
426 3707 573 3784 expediat,
596 3713 626 3764 et
647 3706 685 3763 ab
705 3705 842 3763 omnibus
864 3712 986 3763 tueatur
1005 3705 1143 3762 adversis.
1194 3703 1253 3762 Per

10 3784 15 3847 !'
72 3777 220 3846 Domuum

10 3866 14 3945 f
102 3864 205 3944 ro«
220 3866 375 3944 mcum

10 3950 13 3957 '
117 3943 168 4020 Da,
182 3968 360 4026 quaesumus,
375 3947 561 4026 omnipotens
578 3948 669 4020 Deus,
684 3953 720 4006 ut
737 3948 790 4026 qui
806 3947 990 4006 infirmitatis
1006 3953 1115 4005 nostra
1133 3944 1263 4017 conscii·

75 4015 162 4166 m
172 4032 285 4107 pietate
302 4029 485 4105 confidimus,
501 4030 557 4088 sub
575 4036 628 4087 tua
640 4048 755 4108 semper
767 4029 951 4108 protectione
964 4029 1151 4108 gaudeamus.
1194 4027 1255 4085 Per

160 4129 220 4169 nm.

200 4288 203 4292 ,
579 4231 725 4290 Sarsura.
800 4275 803 4280 .

120 4307 251 4385 Officium

117 4385 249 4478 tirimaco
257 4392 361 4453 verite
370 4392 409 4452 ad
421 4413 520 4472 aquas,
536 4393 609 4453 dicit
623 4393 784 4454 Dominus:
798 4394 891 4472 etqui
904 4414 965 4453 non
978 4393 1093 4454 habetis
1105 4393 1252 4473 pretium:

75 4471 159 4545 ”sarug
171 4481 201 4534 et
212 4474 310 4536 bibito
322 4493 390 4534 cum
403 4476 515 4534 laetitia.
1092 4478 1096 4488 ”
