2804 4920
320 315 417 383 Festo
436 315 620 384 Jeaceei.

221 483 279 542 Sed
292 502 353 542 non
366 482 455 556 cedit,
468 481 680 542 blandimentis

221 564 380 622 Emollitue
393 570 447 624 aut
460 564 625 638 tormentis,

261 645 335 723 Ejus
348 645 488 704 avaritie.

221 725 366 784 Illuditur
379 727 539 799 Dacienus,

221 807 363 866 Sanctum
371 826 506 885 premens
513 807 576 865 dux
583 807 705 867 insanm

261 887 339 947 Salis
352 908 405 966 per
417 889 569 946 minutias.

222 969 290 1028 Stet
303 969 441 1028 minister
452 969 587 1028 caritatis

221 1050 393 1109 Visceribus
405 1051 525 1108 laniatis

262 1131 377 1189 Multas
390 1151 443 1209 per
456 1132 588 1210 injurias.

222 1211 312 1270 Furit
324 1212 417 1289 igitur
430 1213 585 1289 preelectus

223 1293 265 1351 Et
276 1299 400 1371 paratur
412 1293 518 1352 ardens
531 1294 625 1352 lectus
635 1315 645 1368 3

223 1373 402 1432 Insultantis
416 1376 528 1433 viscera

264 1455 362 1512 Oratis
375 1455 433 1512 erit
445 1475 555 1532 aspera

224 1535 319 1595 Sudal
331 1541 445 1611 martyr
458 1536 490 1592 in
503 1554 595 1612 egone

224 1617 282 1693 Spe
296 1616 437 1675 mercedis
451 1622 481 1673 et
495 1636 617 1690 corones,

225 1698 298 1767 Quae
312 1697 401 1755 datur
414 1696 551 1755 fidelibus

264 1779 324 1836 Pro
338 1778 457 1836 Christo
471 1778 660 1836 cellentibus

225 1860 271 1917 De
285 1861 368 1936 cujus
383 1859 493 1917 militia

225 1940 297 1998 Ooeli
309 1940 419 2017 gaudet
432 1940 522 2015 curia,

225 2021 303 2090 Quia
315 2021 389 2079 vicit
402 2021 490 2079 hodie

265 2102 422 2160 Ministros
435 2101 585 2179 nequitie.

224 2182 273 2242 Ut
286 2183 366 2240 hunc
379 2203 448 2259 ergo
460 2203 514 2260 per
527 2189 687 2260 patronum

225 2264 448 2340 consequamur
462 2265 532 2322 vitae
546 2264 667 2337 donum,

225 2345 264 2402 In
277 2344 358 2402 illius
372 2345 420 2403 die
432 2345 508 2403 sesto

265 2424 380 2483 Chorus
393 2432 495 2484 noster
507 2425 594 2485 letus
607 2434 678 2498 esto,

226 2506 248 2564 J
249 2506 397 2564 ocundum
409 2508 441 2563 in
455 2507 577 2565 ecclesia

267 2587 436 2645 Decentans
449 2587 583 2663 alleluya

68 2723 133 2783 ctae,
150 2712 345 2782 Desiderium‚
361 2711 388 2769 si
400 2710 485 2786 iufra
498 2711 748 2788 Seplacqeer'mmn
761 2711 890 2771 evenerit.

68 2795 135 2851 ium.
179 2793 248 2850 Nisi
260 2812 385 2870 granum
397 2791 548 2851 frumenti.

68 2877 128 2932 'um
172 2874 275 2932 Gloria
288 2881 319 2932 et
332 2873 450 2933 honore.

68 3056 112 3094 ›us
139 3036 257 3106 nostris,
280 3055 455 3111 quaesumus,
481 3035 619 3108 Domine,
643 3035 836 3113 precibusque
865 3032 1015 3109 susceptis,
1040 3037 1072 3088 et

68 3138 112 3176 ros
132 3117 243 3175 munda
263 3116 419 3193 mysteriis,
440 3123 471 3174 et
491 3117 651 3174 clementer
674 3115 790 3175 exaudi.
832 3114 891 3173 Per
911 3113 1073 3173 Dominum

68 3278 117 3337 rio.
162 3279 222 3348 Qui
236 3278 301 3335 vult
318 3279 417 3336 venire
431 3284 497 3355 poet
518 3298 572 3336 me.

70 3360 180 3417 nrunio.

68 3461 120 3512 rus,
136 3440 322 3516 omnipotens
343 3441 434 3513 Deus,
448 3447 483 3497 ut
497 3440 549 3517 qui
573 3440 700 3497 caelestia
722 3439 865 3498 alimenta
881 3437 1074 3517 percepimus,

68 3542 76 3578 e
89 3523 176 3579 heato
190 3521 351 3578 Vincentio
366 3528 495 3598 martyre
509 3528 571 3591 tuo,
583 3540 635 3597 per
648 3521 709 3578 haec
723 3527 827 3579 eontra
839 3521 939 3578 omnia
952 3519 1074 3578 adversa

98 3603 156 3660 Per
170 3602 340 3660 Dominum.

68 3705 130 3741 eoos
142 3693 248 3741 sancire
262 3684 381 3759 Aqaelr'e
393 3684 428 3741 iu
440 3682 537 3741 Feriis
549 3681 727 3756 vacantibus,
739 3690 852 3760 acepta
866 3681 1081 3742 Consumsere

68 3765 174 3823 Murice
193 3774 310 3823 tandem
327 3766 361 3823 in
373 3764 506 3835 Sabboto,
522 3765 633 3823 dicitur
648 3764 745 3823 Missa
764 3765 800 3824 de
820 3784 854 3822 ea
873 3761 948 3822 sicut
967 3763 1001 3820 in
1018 3761 1072 3833 die,

68 3846 226 3922 chraenlia.

68 4041 245 4084 »mererere
265 4041 372 4083 esuum
393 4023 502 4096 Pium,
525 4040 677 4083 Arosronr.
722 4023 796 4100 (viii
813 4023 882 4081 Kal.
900 4022 985 4100 Feb.)

68 4151 80 4187 l.

68 4230 201 4269 nomnen
214 4211 247 4268 in
261 4210 399 4281 Domine,
411 4208 587 4267 hodiernum
598 4210 676 4267 diem
689 4208 872 4267 sollemniter
885 4204 1074 4277 celebrantes,

68 4311 99 4348 us
113 4292 225 4350 Paulus
238 4290 427 4350 conversione
441 4310 495 4348 sua
508 4297 682 4368 praesentem
696 4290 841 4348 mundum
855 4288 1012 4347 decoravit.

68 4391 87 4428 a

68 4454 194 4512 *tratione
207 4459 315 4513 sancte
325 4452 560 4530 predicationis:
581 4460 611 4512 et
621 4454 657 4512 de
667 4451 857 4512 conversione
869 4450 965 4511 sancti
975 4450 1074 4511 Pauli
