2804 4920
186 319 250 382 358
621 315 717 382 Festo
738 314 941 383 Novembris.

247 480 428 542 conmenta.
470 482 589 541 Fidelis

246 563 488 624 Postcommunio.

246 644 368 718 Praesta
393 664 569 722 quaesumus,
594 644 722 704 Domine
750 644 832 704 Deus
859 650 968 718 noster,
993 650 1029 702 ut
1055 644 1145 704 beato
1172 642 1275 701 Britio
1299 641 1374 700 inter·

184 725 332 798 veniente,
346 727 430 801 cujus
450 725 612 785 festivitate
631 726 733 784 votiva
753 734 824 784 sunt
844 732 1036 798 sacramenta,
1050 726 1116 803 ejus
1137 723 1284 784 salutaria
1301 723 1371 782 nobis

184 806 393 866 intercessione
405 806 575 866 redduntur.
619 807 684 866 Per.

259 1012 371 1072 Sarcrr
392 1013 551 1080 Macrum,
574 1029 709 1072 rrrsoorr
730 1029 767 1070 rr
788 1028 993 1072 cosrassosm.
1035 1011 1120 1091 (xvii
1137 1011 1210 1071 Kal.
1226 1010 1307 1089 Dec)

245 1147 386 1224 Officium.
429 1149 544 1208 Statuit
554 1149 590 1207 ei.

246 1229 355 1289 Oratio.

243 1309 440 1388 Omnipotens
452 1310 629 1387 sempiterne
643 1309 734 1382 Deus,
750 1309 852 1386 populi
872 1309 920 1366 tui
939 1327 1037 1385 pmces
1057 1306 1174 1379 exaudi,
1188 1307 1243 1384 qui
1261 1306 1361 1364 beatum

182 1391 361 1450 Mschutmn
375 1391 569 1451 consessorem
582 1397 670 1450 tuum
683 1391 806 1449 virtutis
827 1391 925 1468 gratia
942 1390 1094 1462 decorasti,
1109 1394 1141 1448 et
1158 1407 1228 1447 eum
1245 1385 1361 1446 hodiciu

182 1473 292 1532 celesti
304 1473 399 1549 gloria
412 1473 572 1550 suscepisti.
615 1472 681 1531 Per.

241 1553 383 1630 Epiron
426 1553 503 1611 Ecce
516 1552 648 1613 sacerdos
662 1572 794 1631 magnus,
809 1552 862 1630 qui
876 1552 909 1610 in
922 1552 994 1612 vita

243 1633 378 1695 eradat.
421 1634 531 1692 Inveni
546 1634 653 1693 David.

241 1714 392 1792 Alleluya
438 1716 468 1775 V.
489 1715 597 1774 Justus
610 1715 797 1792 germinabit.

240 1796 444 1871 Eownpcliuoa
487 1795 588 1854 Homo
602 1796 723 1873 quidam
736 1795 853 1854 nobilis.

243 1876 437 1951 Offcrtoriuna
479 1876 602 1935 Veritas
616 1897 688 1936 mea

240 1957 363 2017 Secreta.

241 2038 374 2109 Hostias,
399 2036 536 2109 Domine,
560 2045 622 2097 tuas
648 2038 743 2117 plebis
769 2038 898 2111 intende,
928 2043 958 2095 et
986 2055 1059 2115 quas
1086 2035 1119 2094 in
1146 2034 1258 2094 honore
1282 2029 1359 2091 sancti

181 2118 318 2178 Machuti
332 2119 502 2178 confessoris
515 2119 562 2179 tui
574 2127 664 2196 atque
677 2119 826 2197 pontificis
839 2119 996 2188 offerimus,
1011 2124 1047 2176 tu
1063 2135 1122 2189 eas,
1137 2133 1307 2194 quesumus,
1319 2111 1358 2169 illo

179 2200 389 2272 intercedente,
404 2199 608 2259 benedictione
621 2201 771 2277 spirituali
784 2200 941 2260 sanctifica
984 2199 1050 2257 Per.

243 2280 424 2341 Commune.
468 2281 579 2340 Beatum
592 2301 703 2342 servus.

243 2362 486 2421 Postcommuotc.

241 2441 355 2500 Divina
367 2442 494 2501 libantes
508 2443 657 2519 mysteria,
672 2463 738 2520 quae
751 2443 784 2500 in
804 2442 915 2500 honore
935 2441 1030 2499 suncti
1051 2439 1191 2499 Machuti
1211 2432 1357 2497 consumeris

179 2523 227 2580 tui
240 2529 330 2600 etque
346 2524 494 2601 pontificis
513 2530 574 2582 tuae
594 2524 756 2582 obtulimus
778 2525 934 2600 majestati,
949 2528 1065 2600 praesta,
1080 2539 1257 2599 quaesumus,
1270 2524 1300 2575 ut
1316 2532 1356 2591 per

181 2624 216 2661 es
236 2605 353 2662 venium
375 2624 539 2662 mereamur
560 2611 754 2682 peccatorum,
777 2611 807 2662 et
829 2605 952 2662 caelestis
974 2604 1077 2682 gratim
1100 2603 1186 2660 donis
1207 2599 1352 2658 reficiamur.

183 2685 242 2743 Per
256 2686 426 2743 Dominum.

226 2890 338 2948 Saroni
360 2891 518 2962 Eburum,
542 2908 772 2949 incurerrscorr
794 2911 833 2950 sr
853 2909 1060 2964 consessorem,
1085 2893 1322 2952 omwarmrsrs.

655 2985 727 3056 (xvi.
745 2986 813 3043 Kal.
831 2987 914 3062 Dec.)

245 3064 386 3139 Officium.
430 3065 551 3123 Statuit.

245 3145 355 3205 Oratio.

243 3227 334 3298 Deus,
346 3227 398 3302 qui
412 3227 571 3285 Ecclesiam
585 3233 669 3285 tuam
684 3229 762 3285 besti
776 3228 928 3286 Edmundi
941 3228 1114 3286 confessoris
1127 3230 1175 3285 tui
1188 3234 1272 3304 atque
1280 3219 1348 3302 ponti·

182 3304 245 3362 ficis
265 3308 411 3383 praeclarse
429 3309 499 3365 vitae
520 3309 634 3366 meritis
654 3308 806 3379 decorasti,
829 3316 859 3367 et
876 3310 1009 3387 gloriosis
1030 3310 1190 3367 laetificasti
1213 3301 1346 3367 minotio

182 3387 307 3444 concede
325 3389 479 3463 propitius,
502 3396 536 3446 ut
560 3396 590 3446 et
613 3390 706 3465 ipsius
726 3392 757 3446 in
779 3391 883 3447 melius
903 3392 1097 3448 reformemur
1117 3390 1265 3467 exemplis,
1285 3391 1308 3442 et
1320 3378 1345 3438 ab

182 3467 320 3525 omnibus
334 3469 396 3544 ejus
410 3470 572 3544 patrocinio
587 3478 775 3547 protegamur
788 3473 924 3529 adversis.
968 3473 1033 3529 Per.

244 3549 389 3606 Mem
403 3551 437 3607 dc
450 3560 549 3608 sancto
563 3552 599 3607 M
600 3552 705 3608 ortino.

243 3629 385 3704 Epistola.
428 3631 588 3701 Testificor,
602 3633 636 3690 in
651 3631 806 3691 Com-muni
818 3635 909 3692 uarius
923 3634 1070 3711 ritortyris.

245 3710 380 3768 Grodole.
423 3711 559 3781 Domine,
574 3715 753 3790 praevenisti.

242 3792 392 3868 Alleluya
441 3792 470 3851 V.
492 3795 514 3852 J
516 3802 600 3851 ustus
613 3796 797 3870 germinabit.

241 3872 407 3948 Sequottio,
422 3874 457 3932 de
471 3874 633 3934 Cornetuoi.

242 3954 443 4030 Eoonpeliune
487 3957 604 4029 Videte,
621 3957 750 4035 vigilate.

244 4035 437 4108 Offcrtorium.
480 4036 611 4096 Veritas,

242 4114 363 4174 Secreto.
1302 4186 1307 4196 .

241 4196 329 4253 Beati
343 4197 493 4255 Edmundi
507 4199 681 4257 confessoris
699 4201 745 4258 tui
766 4209 859 4278 atque.
876 4200 1032 4277 pontificis,
1049 4219 1225 4277 quaesumus,
1239 4196 1338 4278 Domffb

180 4278 315 4354 precibus
337 4279 394 4335 tibi
412 4299 536 4338 munera
558 4280 706 4339 offerenda
728 4284 928 4360 complaceant
938 4303 946 4354 3
967 4289 998 4339 et
1011 4283 1111 4340 oblata
1128 4281 1211 4340 nobis
1226 4262 1340 4356 protom

180 4358 218 4417 sd
231 4358 365 4416 salutem
1392 4376 1394 4381 '

241 4438 423 4499 communio.
466 4443 577 4501 Beatum
590 4461 699 4501 servus.
