2804 4920
505 339 697 406 Benedictio
710 339 825 426 Aqua.
1205 343 1268 409 xlv
1309 415 1311 419 ,

82 586 122 644 w
131 503 238 644 gardra
248 515 395 645 amplorum
413 505 565 565 Orationes
577 516 604 566 et
619 507 720 567 Oratio
728 517 796 584 post
811 507 1003 584 aspersionem
1017 528 1100 584 aqua
1112 509 1266 584 finientur

187 607 233 644 em
315 632 321 646 .

130 668 321 726 Esorcismas
333 688 423 743 aqua.

129 749 273 807 Exorcizo
290 757 331 819 te,
344 756 477 806 creatura
496 769 588 826 aquae,
603 750 635 806 in
652 750 772 807 nomine
786 750 841 808 Dei
864 750 964 807 Patris
977 751 1169 827 omnipotens,
1182 758 1214 810 et
1232 752 1265 810 in

82 830 190 888 romine
213 829 289 887 Jesu
312 829 425 887 Christi
448 830 520 887 Filii
536 832 600 906 ejus
625 831 748 888 Domini
771 832 874 903 nostri,
895 831 977 888 etin
1001 833 1113 890 virtute
1138 833 1265 909 Spiritus

82 911 172 968 lancti
187 932 193 967 :
217 917 253 968 ut
267 911 319 968 fias
332 930 409 987 aqua
422 912 585 969 exorcizata
594 911 633 969 ad
643 911 953 987 effugandamomnem
963 913 1128 989 potentiam
1141 914 1263 986 inimici,

82 997 102 1048 rt
124 992 222 1067 ipsum
243 991 398 1049 inimicum
419 992 565 1050 eradicare
587 998 618 1050 et
651 992 823 1068 explantare
845 992 950 1061 valeas,
974 1013 1041 1051 cum
1068 994 1179 1071 angelis
1205 995 1266 1053 suis
1344 1038 1347 1044 .

82 1071 247 1148 spoctaticis.
289 1071 504 1130 Pervirtutem
525 1072 648 1130 Domini
664 1072 758 1130 nostri
771 1073 792 1131 J
794 1093 845 1131 esu
864 1073 976 1131 Christi
993 1074 1046 1150 qui
1059 1084 1204 1132 venturus
1221 1083 1266 1133 est

85 1152 201 1211 udicare
214 1152 299 1210 vivos
312 1159 343 1211 et
355 1158 486 1211 mortuos
498 1159 530 1211 et
542 1152 680 1211 saeculum
694 1154 865 1230 perignem.
907 1155 1014 1212 Amen.

130 1232 273 1309 Sequitur
287 1232 388 1292 Οταεὶο
400 1235 462 1292 siae
475 1234 623 1292 Dominus
636 1235 795 1306 vobiscum,
810 1235 859 1292 sed
873 1243 990 1292 matum
1003 1232 1070 1293 cam
1083 1234 1215 1297 Oramus.

130 1315 223 1386 Deus,
238 1314 336 1392 quiad
349 1315 474 1373 salutem
488 1315 611 1372 humani
624 1315 749 1391 generis,
763 1316 895 1373 maxima
904 1334 1028 1392 quaeque
1042 1319 1265 1376 sacramentam

82 1415 216 1472 tquamm
238 1397 404 1454 substantia
422 1396 589 1469 condidisti,
608 1396 709 1453 adesto
729 1396 875 1473 propitius
894 1397 1129 1456 invocationibus
1147 1399 1264 1469 nostris,

82 1477 266 1534 tetamento
287 1476 356 1534 huic
373 1477 556 1535 multimodis
578 1477 833 1553 purificationibus
852 1485 1024 1554 praeparato,
1046 1479 1188 1536 virtutem
1206 1486 1265 1537 tus

82 1558 287 1616 renedictionis
302 1558 436 1629 infunde,
453 1565 488 1615 ut
509 1564 643 1616 creatura
662 1564 716 1615 tua
736 1559 885 1635 mysteriis
902 1559 963 1616 tuis
984 1559 1114 1617 serviens
1134 1559 1173 1617 ad
1195 1560 1267 1636 abji-

82 1639 190 1697 iendos
203 1638 355 1705 demones,
369 1639 543 1715 morbosque
557 1638 714 1715 pellendos,
730 1639 839 1697 divinae
849 1640 951 1715 gratiae
964 1648 1062 1697 sumat
1076 1641 1222 1714 effectum,
1232 1647 1267 1698 ut

82 1720 213 1798 pnioquid
231 1720 261 1777 in
285 1720 420 1778 domibus
440 1720 488 1778 vel
505 1721 539 1777 in
557 1720 627 1777 locis
644 1719 776 1777 fidelium
793 1719 855 1778 haec
874 1719 953 1777 undo
970 1722 1148 1797 resperserit,
1169 1728 1268 1779 careat

82 1802 152 1859 »mni
166 1801 365 1872 immunditia,
381 1801 554 1858 liberatura
571 1821 667 1858 noxa:
688 1821 748 1858 non
765 1800 827 1858 illic
840 1801 966 1858 resideat
979 1802 1101 1877 spiritus
1118 1803 1266 1879 pestilens,

82 1902 130 1941 ion
143 1902 219 1940 aura
232 1901 429 1959 corrumpens,
443 1883 594 1940 discedant
608 1901 708 1940 omnes
721 1882 834 1940 insidiae
845 1881 966 1939 latentis
980 1882 1102 1956 inimici,
1116 1885 1182 1941 etsi
1196 1883 1268 1959 quid

82 1970 114 2022 st
136 1963 218 2040 quod
242 1970 294 2020 aut
316 1963 515 2021 incolumitati
537 1963 739 2021 habitantium
760 1963 874 2020 invidet
898 1968 952 2020 aut
975 1963 1078 2039 quieti,
1102 1965 1269 2040 aspersione

82 2045 159 2122 injus
180 2063 265 2120 aqua
289 2043 426 2120 effugiat3
453 2050 488 2101 ut
509 2043 666 2102 salubritas
689 2063 741 2120 per
761 2044 976 2101 invocationem
998 2045 1045 2100 tui
1067 2044 1196 2102 nominis
1216 2063 1267 2102 ex-

82 2125 173 2205 atita,
188 2124 227 2182 ab
240 2124 376 2182 omnibns
392 2124 432 2182 sit
448 2125 720 2203 impugnationibus
732 2125 858 2183 defensa.
908 2124 968 2182 Per
981 2123 1134 2183 Christum
1154 2124 1266 2182 Filium

82 2224 166 2277 num,
181 2215 209 2263 et
221 2215 319 2265 cetero.
361 2206 399 2263 In
412 2206 528 2264 unitate
540 2206 679 2282 ejusdem,
693 2215 720 2265 et
733 2215 830 2265 cetero.

135 2301 202 2372 Quo
207 2302 303 2377 finito
314 2303 413 2360 mittot
424 2301 563 2361 Sacerdos
576 2303 622 2361 soi
633 2303 667 2361 irs
680 2324 791 2379 equom
803 2303 924 2361 dicendo
933 2327 943 2362 :

82 2383 324 2541 ‚pmiltpppp'rpplteip
334 2383 553 2523 ὡέωἰίηιιω
566 2385 677 2460 pariter
689 2384 748 2442 fiat
792 2385 831 2440 In
845 2384 964 2441 nomine
982 2383 1082 2442 Patris
1103 2392 1135 2442 et
1152 2384 1223 2443 Filii
1236 2392 1267 2444 et

527 2679 1225 2717 ι-ιι-ι.

135 2753 319 2811 Domi-nus
355 2752 548 2811 vobis-cum.
599 2753 641 2811 Et
661 2772 728 2810 cum
747 2753 890 2830 spi-ri-tu
919 2760 998 2810 tu-o.
1069 2753 1237 2811 Ore-mus.

137 2874 248 2934 Oratio.

135 2956 231 3025 Deus,
258 2954 377 3013 invicta
409 2954 534 3012 virtutis
564 2961 675 3025 auctor,
704 2962 735 3013 et
765 2953 972 3032 insuperabilis
998 2954 1116 3030 imperii
1145 2973 1209 3025 rex,
1236 2973 1270 3013 sc

82 3056 192 3113 semper
205 3035 376 3113 magnificus
388 3035 596 3112 triumphator,
611 3036 665 3113 qui
673 3035 803 3094 adverse
814 3036 1022 3093 dominationis
1035 3035 1113 3093 vires
1125 3035 1269 3112 reprimis,

82 3119 128 3195 pri
150 3117 266 3174 inimici
281 3117 426 3191 rugientis
443 3117 588 3175 sevitiam
608 3137 736 3194 superas,
757 3117 809 3193 qui
829 3117 949 3174 hostiles
966 3117 1112 3194 nequitias
1134 3122 1272 3193 potenter

82 3217 239 3275 expugnas,
253 3204 292 3269 te,
307 3197 444 3269 Domine,
459 3204 619 3256 trementes
632 3205 663 3256 et
676 3199 821 3275 supplices
833 3199 1025 3274 deprecamur
1037 3217 1071 3256 ac
1084 3198 1222 3275 petimus,
1236 3204 1271 3256 ut

82 3282 153 3337 tanc
171 3285 336 3337 creaturam
353 3278 423 3336 salis
443 3285 474 3336 et
496 3280 628 3336 cinerum
649 3282 680 3337 et
702 3298 786 3356 aquas
804 3278 960 3356 dignanter
975 3279 1109 3354 accipias,
1127 3279 1272 3357 benignus

82 3360 214 3431 illustres,
228 3359 347 3436 pietatis
361 3366 420 3416 tuae
438 3379 503 3418 rore
520 3357 732 3439 sanctislfflces,
746 3367 782 3418 ut
795 3361 962 3437 ubicunque
975 3360 1067 3418 fuerit
1083 3379 1208 3437 aspersa,
1220 3379 1272 3437 per

82 3441 294 3500 avocationem
308 3441 402 3498 sancti
417 3440 544 3498 nominis
558 3441 605 3498 tui
622 3441 718 3498 omnis
735 3440 886 3498 infestatio
903 3441 1049 3498 immundi
1064 3442 1186 3517 spiritus
1199 3440 1272 3518 abji-

82 3523 181 3593 ciatur,
197 3528 348 3597 terrorque
366 3521 506 3578 venenosi
522 3522 667 3599 serpentis
683 3521 785 3597 procul
803 3521 937 3598 pellatur,
953 3527 984 3579 et
1000 3523 1157 3599 presentis
1170 3522 1271 3580 Sancti

82 3603 208 3681 §piritus
226 3602 453 3659 misericordiam
469 3608 553 3660 tuam
575 3602 760 3679 poscentibus
778 3603 887 3678 ubique
902 3602 1002 3661 adesse
1022 3602 1169 3680 dignetur.
1212 3603 1271 3660 Per

82 3684 252 3744 Dominum
293 3682 331 3740 In
342 3684 458 3740 unitate
472 3683 610 3758 ejusdem,
624 3693 650 3742 et
663 3693 761 3743 atero.

136 3764 245 3822 Finito
257 3763 455 3835 ὁαωᾱὼιὶοπε,
465 3768 525 3839 fiat
538 3785 623 3841 aqua
639 3765 789 3824 benedicta
801 3765 936 3842 masio,
952 3773 978 3824 ct
995 3764 1095 3823 statim
1113 3764 1269 3824 inclinetur.

123 3882 535 4014 Q

204 4031 250 4088 As
267 4065 277 4073 ·
294 4048 435 4107 per-ges
454 4049 511 4087 me.

139 4144 285 4285 ili'iirliileuri
297 4226 364 4298 moi,
379 4226 475 4284 Deus:
495 4225 656 4284 secundum
668 4245 805 4304 magnam
819 4224 1046 4285 misericordiam
1059 4231 1149 4285 tuam.

140 4307 320 4384 Antiphone.
363 4307 510 4384 Asperges
524 4326 577 4365 me.

83 4389 118 4449 V.
139 4388 183 4447 Et
201 4388 360 4448 secundum
383 4387 602 4448 multitudinem
623 4388 844 4449 miserationum
863 4393 982 4448 terarum
1001 4388 1066 4448 dele
1085 4387 1273 4465 iniquitatem

82 4490 185 4520 mmm.
