2806 4920
174 344 237 406 396
398 338 446 402 Iu
467 338 590 404 Natali
611 339 723 404 unius
743 340 901 426 Viminio
921 349 952 406 et
978 338 1157 426 Martyris

293 506 351 564 Sed
365 512 438 563 tunc
451 513 513 564 stat
526 506 640 563 firmior
652 526 720 564 caro
734 508 876 584 virgineo,

294 587 371 644 Cum
384 587 624 663 multiplicantur
636 607 715 645 nova
727 589 873 665 supplicia
885 611 891 646 :

295 668 354 724 Pro
367 675 479 725 aeterna
493 688 580 744 quam
592 676 768 743 exspectant
777 690 796 726 a
810 671 875 727 Deo
888 669 992 747 gloria,

295 749 451 806 Laetantur
464 749 601 806 mortalia
611 749 702 826 affligi
714 770 768 807 sua
781 771 912 827 coquom,

296 829 375 898 Quia
388 836 460 886 sunt
474 830 645 887 trausimria

295 909 336 967 Et
348 911 381 966 in
394 918 478 968 motu
498 911 598 968 subito
611 910 743 969 labentia
755 912 860 971 mundi
870 912 986 988 gaudis,

295 991 343 1049 Ut
356 991 442 1049 flores
455 991 578 1050 decidua
591 1011 599 1063 3

296 1072 342 1128 Ex
356 1072 411 1130 hac
427 1073 558 1148 virginea
571 1080 649 1130 sorte
663 1074 771 1131 claruit
784 1081 886 1132 sancta
900 1074 951 1137 N..

294 1153 388 1229 Cujus
417 1153 505 1211 hodie
533 1153 713 1211 celebramus
741 1155 903 1226 sollemnia,
931 1154 1089 1232 splendens
1118 1155 1200 1212 inter
1226 1156 1303 1215 afim.
1330 1170 1355 1209 ut

374 1233 478 1292 lucifer
491 1235 570 1292 inter
583 1236 711 1292 minores
724 1236 833 1293 stellas

295 1313 390 1390 Virgo
408 1316 494 1373 beata
506 1317 625 1373 fortiter
638 1317 735 1374 serens
756 1318 864 1388 omnia,
879 1336 933 1374 nec
954 1316 1030 1374 mori
1048 1337 1188 1374 recusans
1201 1337 1254 1394 pro
1270 1317 1353 1392 glorio.

376 1416 430 1472 pro
443 1397 528 1453 nobis
541 1398 589 1473 pie
601 1398 697 1454 Deum
712 1417 810 1468 exora,

295 1475 343 1533 Ut
355 1477 388 1533 in
401 1476 470 1535 aulo
477 1484 576 1534 tecum
589 1479 772 1537 exsultemus
786 1478 921 1546 aethereo,
937 1499 1008 1555 pace
1021 1485 1166 1555 perpetus
1179 1499 1188 1550 ;

294 1555 354 1613 Pro
367 1571 545 1629 sanctorum,
560 1559 645 1634 virgo
658 1559 794 1635 gloriosa,
808 1559 1008 1616 collaudemus
1022 1559 1188 1617 Dominum
1201 1559 1298 1635 gloria

233 1637 402 1695 Secundum
415 1639 590 1696 Mottlueum
602 1641 684 1716 (cciii.
701 1641 820 1716 teta).

235 1718 272 1774 In
286 1718 338 1775 illo
351 1726 492 1796 tempore,
509 1721 600 1778 Dixit
615 1721 636 1778 J
638 1741 703 1778 esus
717 1720 867 1795 discipulis
889 1721 950 1778 suis
967 1720 1136 1797 parabolam
1157 1721 1253 1783 hanc:
1272 1719 1352 1778 Simile

172 1809 217 1855 est
232 1818 355 1876 regnum
368 1800 506 1858 caelorum
519 1802 657 1859 thesauro
670 1802 841 1860 abscondito
855 1803 887 1859 in
900 1822 971 1878 agro
984 1823 1075 1876 resqrae
1088 1801 1130 1858 od
1149 1805 1201 1878 qui
1215 1803 1316 1878 profert
1327 1800 1353 1855 do

172 1880 311 1937 thesauro
324 1901 377 1937 suo
391 1901 469 1938 nova
481 1896 512 1940 ct
527 1890 634 1940 vetera

234 1961 427 2034 Offertorium.

234 2042 352 2099 Diffusa
375 2051 420 2100 est
442 2044 539 2120 gratia
560 2045 592 2100 in
615 2045 701 2101 labiis
723 2045 802 2102 tuis:
830 2052 985 2121 propterea
1004 2045 1162 2102 benedixit
1185 2054 1216 2103 te
1239 2042 1351 2102 Denein

172 2131 325 2193 aeternum,
340 2125 417 2182 etin
431 2125 571 2182 saeculum
585 2125 692 2183 seculi

234 2205 420 2277 Offcrlorium
433 2207 541 2264 mitens.

232 2286 402 2343 Offerentur
416 2287 478 2363 tegi
491 2288 621 2365 virgines
634 2296 700 2363 post
714 2308 795 2344 eam:
818 2288 958 2364 pmximae
973 2289 1038 2363 ejus
1051 2288 1215 2344 offerentur
1228 2288 1289 2345 tibi

234 2365 419 2438 offertorium
432 2368 537 2443 rreujus.

233 2448 405 2504 Offerentur
418 2450 479 2525 regi
499 2451 647 2525 uirgines:
668 2450 810 2525 proximat
831 2451 895 2525 ejus
915 2449 1077 2507 offerentur
1091 2450 1148 2506 tibi
1169 2451 1202 2507 in
1221 2449 1317 2506 lretitia
1331 2462 1351 2502 u

171 2528 386 2586 exsultatione:
407 2530 592 2587 adducentur
606 2532 637 2586 in
651 2531 796 2606 templum
811 2532 872 2605 regi
887 2530 1024 2586 Domino.

234 2610 425 2682 Offlrtorium.

233 2691 316 2747 Filiae
330 2712 432 2767 regum
448 2693 477 2748 in
493 2693 603 2748 honore
617 2702 688 2749 tuo:
710 2693 808 2748 nstitit
823 2692 924 2767 regina
942 2713 959 2748 a
980 2692 1111 2749 dexteris
1134 2694 1195 2748 tuis
1216 2694 1248 2748 in
1262 2691 1351 2748 restite

171 2771 320 2844 decurrite,
332 2774 511 2830 circumdata
526 2775 676 2829 varietate.

232 2856 352 2911 Secreta.

232 2935 352 3010 Suscipe
365 2956 497 3005 munem,
510 2937 645 3004 Domine,
658 2955 724 3009 quae
739 2936 771 2991 in
786 2937 878 2991 beatae
893 2935 931 2993 X,
949 2934 1087 3009 martyris
1102 2942 1162 2990 tun*
1176 2936 1353 2991 sollemnitate

149 3029 156 3041 “
171 3016 347 3087 deserimus3
368 3019 452 3090 cujus
466 3037 519 3073 nos
533 3017 706 3072 confidimus
721 3017 884 3092 patrocinio
899 3016 1024 3072 liberari.
1069 3015 1135 3071 Per.

233 3096 414 3154 Communia.

231 3178 348 3234 Diffusa
371 3190 416 3235 est
439 3178 535 3254 gratia
559 3179 590 3233 in
616 3178 701 3233 labiis
726 3179 802 3234 tuis:
835 3188 989 3253 propterea
1009 3177 1165 3233 benedixit
1188 3188 1217 3234 te
1241 3179 1315 3234 Deus
1331 3177 1352 3230 in

170 3265 322 3314 reternnm.

232 3337 410 3396 Comnutnio.

232 3420 334 3475 Simile
362 3429 404 3475 est
435 3441 557 3496 regnum
586 3421 725 3477 caelorum
754 3420 867 3475 homini
895 3419 1073 3495 negotiatori
1101 3423 1249 3496 qruerenti
1277 3423 1351 3476 unns

170 3502 363 3576 rrnngmritus:
386 3503 509 3557 inventa
530 3523 588 3558 nna
609 3503 736 3577 pretiosa
759 3502 933 3577 margarita:
957 3501 1039 3557 dedit
1060 3503 1160 3557 ‹ininia
1183 3520 1278 3559 suaet
1294 3520 1353 3557 uul-

170 3583 287 3656 pararit
300 3603 372 3638 eum.

231 3663 416 3722 (lomneunio.

235 3745 298 3801 Feci
308 3746 455 3821 judicium
466 3752 497 3802 et
507 3745 655 3818 justitium
667 3766 672 3801 :
698 3746 835 3803 Domine.
846 3763 905 3799 non
916 3743 1136 3800 calumnientur
1150 3745 1224 3801 mihi
1239 3743 1344 3820 serperbi

168 3826 204 3881 ud
221 3827 321 3882 omnia
334 3827 473 3883 mandata
488 3834 541 3882 tua
554 3826 710 3900 dirigebar,
726 3846 843 3881 omnem
860 3826 937 3880 riam
952 3825 1123 3900 iniqnitatis
1136 3826 1205 3882 odio
1221 3826 1315 3882 huleri.

230 3907 416 3964 t'omneunio.

229 3988 368 4063 Quinque
396 3988 555 4063 prudentes
579 3987 709 4063 virgines
734 4000 910 4063 aeceperunt¹
938 3986 1035 4042 oleum
1061 3986 1092 4042 in
1120 3989 1200 4043 rosis
1224 3989 1284 4043 suis
1299 4005 1352 4043 enm

168 4068 371 4144 lampadibus:
394 4069 490 4125 media
504 4076 604 4123 autern
620 4078 705 4125 nocte
720 4070 830 4126 clamor
845 4069 940 4124 faetus
954 4082 997 4123 est
1012 4089 1018 4125 ι
1041 4067 1116 4124 Ecce
1138 4088 1262 4143 spemsus
1277 4067 1352 4123 venit.

167 4151 246 4206 exite.
260 4151 378 4207 obviam
401 4151 518 4206 Christo
538 4150 674 4205 Domino.

227 4233 409 4289 Coruncanio.

227 4313 457 4370 Consunduntnr
471 4313 598 4387 superbi,
614 4312 685 4386 quia
699 4312 810 4386 injuste
825 4311 1013 4386 iniquitatem
1030 4311 1162 4367 fecerunt
1183 4313 1215 4368 in
1229 4331 1293 4368 nie:
1313 4329 1354 4383 egr

169 4401 268 4449 utitem
282 4396 313 4451 in
329 4394 475 4450 mandatis
489 4396 549 4450 tu'ni
566 4394 731 4459 exercebor,
748 4395 779 4449 in
798 4394 859 4449 tuis
873 4392 1150 4465 justificetionibus,
1171 4402 1206 4449 nt
1223 4413 1281 4449 non
1301 4410 1354 4447 curu·

167 4473 279 4530 fundar.
