2804 4920
156 339 220 402 308
618 338 716 404 Festa
736 337 895 424 Aepusli.

216 503 416 599 Eneapelium.
454 503 565 563 Missus
577 511 623 563 est
635 504 764 584 angelus,
780 526 874 581 quere
887 505 921 564 in
930 505 1211 566 connumeratione
1224 506 1359 584 &wera

218 585 416 738 tiiffigfflibrilii,
431 665 528 743 gratia
540 666 635 743 plana,
649 666 795 725 Dominus
809 674 907 726 tecum
920 687 929 740 ;
951 668 1107 728 benedicta
1118 675 1152 728 tu
1176 671 1210 727 in
1231 669 1362 727 mulieri·

157 747 220 817 bus,
236 753 268 804 et
282 746 451 806 benedictus
464 747 577 806 fructus
591 748 704 806 ventris
716 748 771 806 tui.

219 827 398 887 Coruncanio.

158 908 398 1048 Emffipcnplpl’irgo
421 909 567 987 concipiet
593 915 624 968 et
650 909 746 987 pariet
774 909 896 980 Filium,
919 916 949 969 et
972 912 1129 970 vocabitur
1150 931 1261 970 nomen
1286 913 1358 988 ejus,

669 1154 732 1210 Dm
751 1153 850 1213 Jov1s.

218 1287 358 1363 Epistola.
402 1287 497 1345 lectio
511 1285 581 1345 libri
593 1285 751 1362 Sapientia
764 1285 999 1365 (Caelicolum).

218 1367 400 1444 Egredimini
422 1375 452 1426 et
471 1367 578 1436 videte,
598 1367 683 1424 Filiae
704 1366 785 1437 Sion,
804 1387 902 1446 regem
921 1368 1106 1428 Salomonem
1127 1372 1160 1429 in
1180 1371 1357 1441 diademate,

160 1469 218 1525 quo
240 1449 393 1508 coronavit
417 1468 485 1506 eum
508 1455 604 1505 mater
627 1467 681 1505 sna
704 1447 737 1504 iu
764 1447 811 1505 die
834 1450 1066 1526 desponsationis
1090 1451 1170 1510 illius
1194 1459 1226 1510 et
1253 1454 1289 1510 in
1313 1453 1358 1512 die

156 1530 268 1588 laetitiae
281 1529 378 1588 cordis
394 1531 465 1605 ejua
509 1528 606 1599 Quam
626 1527 749 1606 pulchra
768 1548 799 1586 es
819 1531 913 1589 amica
933 1551 1008 1604 mea,
1022 1551 1111 1609 quam
1131 1534 1257 1610 pulchra
1276 1554 1309 1593 es
1328 1542 1358 1592 et

157 1611 261 1668 decora
270 1631 280 1685 3
301 1610 379 1669 oculi
397 1610 444 1668 tui
462 1608 664 1668 columbarum
680 1609 791 1685 absque
808 1630 843 1669 eo
863 1612 942 1687 quod
959 1613 1137 1672 intrinsecus
1155 1615 1238 1672 latet
1283 1614 1358 1673 Tota

155 1691 279 1768 pulchra
291 1710 331 1765 es,
346 1691 440 1750 amica
452 1709 525 1762 mea,
539 1696 571 1748 et
584 1690 700 1748 macula
712 1710 772 1746 non
785 1698 830 1749 est
843 1692 876 1751 in
889 1699 927 1751 ta
965 1693 1046 1752 Veni
1058 1694 1095 1752 de
1109 1695 1234 1767 Libano,
1249 1715 1357 1772 sponsa

157 1793 230 1844 mea,
254 1773 331 1842 veni,
351 1771 388 1832 de
408 1771 523 1829 Libano
543 1772 621 1829 veni.
666 1771 763 1841 Quam
785 1773 914 1848 pulchrae
934 1780 1005 1832 sumt
1024 1794 1159 1834 mammae
1181 1785 1252 1848 tuae,
1275 1795 1358 1835 somn

156 1874 222 1911 mea
245 1873 358 1929 elaeusa
402 1852 576 1910 Pulchriora
598 1859 670 1910 sunt
693 1851 785 1909 ubera
807 1860 861 1912 tua
882 1855 961 1922 vinc,
983 1861 1014 1912 et
1037 1856 1110 1914 odor
1132 1864 1358 1935 ungnentorum

156 1944 276 1993 tuorum
293 1934 493 2011 superomnia
512 1940 652 1992 aromata
695 1932 793 1991 Favua
806 1934 953 1992 distillans
973 1935 1052 1994 labia
1072 1944 1134 2009 tua,
1149 1957 1277 2015 sponsa:
1298 1938 1357 1998 mel

156 2023 186 2073 et
199 2015 244 2074 lac
264 2015 435 2092 sublingua
451 2021 513 2085 tua,
528 2021 559 2072 et
576 2014 649 2072 odor
662 2013 907 2073 vestimentorum
925 2023 1045 2075 tuorum
1062 2019 1140 2076 sicut
1157 2019 1231 2076 odor
1249 2020 1356 2078 thuris

158 2097 274 2155 Hortus
297 2097 452 2154 conclusus
475 2115 557 2153 soror
580 2114 645 2152 mea
668 2113 782 2170 sponsa,
811 2095 915 2154 hortus
939 2097 1099 2169 conclusus,
1124 2098 1190 2156 fons
1212 2100 1357 2178 signatus

157 2178 336 2235 Emissiones
357 2183 416 2234 tuae
437 2175 596 2233 Paradisua
620 2177 764 2233 malorum
785 2177 960 2253 punicorum
983 2198 1050 2237 cum
1073 2199 1227 2256 pomorum
1254 2181 1358 2240 fructi-

158 2260 220 2330 bus,
237 2258 321 2334 cypri
340 2277 408 2315 cum
429 2256 522 2314 nardo
533 2277 542 2329 3
565 2256 674 2314 nardus
693 2264 724 2315 et
745 2277 854 2330 crocus,
874 2258 973 2317 fistula
992 2266 1023 2318 et
1043 2261 1264 2333 cinnamonum,
1291 2281 1359 2320 cum

156 2339 303 2397 universis
317 2337 405 2415 lignis
418 2338 544 2409 Libani;
565 2337 685 2412 myrrha
699 2345 729 2396 et
743 2339 806 2396 alce
819 2358 887 2397 cum
900 2340 1045 2399 universis
1058 2342 1162 2418 primis
1176 2343 1359 2420 unguentis;

156 2420 221 2477 fons
235 2420 397 2489 hortorum,
411 2426 519 2495 puteus
532 2438 676 2494 aquarum
686 2419 861 2490 viventium,
871 2440 936 2498 quae
947 2421 1046 2479 fluunt
1055 2424 1169 2498 impetu
1179 2424 1216 2480 de
1231 2423 1357 2485 Libano.

156 2500 238 2559 Veni
252 2501 284 2557 in
298 2500 416 2558 hostum
437 2519 544 2569 meum,
559 2518 641 2556 soror
654 2518 719 2557 mea
732 2520 838 2577 sponsa
848 2521 857 2573 3
877 2503 985 2560 messui
998 2503 1149 2579 myrrham
1168 2523 1277 2577 meam,
1292 2525 1358 2564 cum

157 2582 338 2639 aromatibus
347 2581 426 2638 meis.
455 2580 526 2638 Una
535 2581 665 2637 estenim
675 2580 803 2656 perfecta
812 2601 885 2655 mea,
895 2582 1029 2640 columba
1037 2603 1108 2640 mm.
1141 2585 1212 2642 Una
1222 2593 1270 2643 est
1280 2587 1357 2644 enirn

156 2664 341 2735 matrissuae,
357 2663 448 2720 electa
468 2661 623 2737 genetricis
644 2682 711 2718 suae.
755 2663 905 2720 Videumt
925 2684 989 2720 eam
1011 2664 1078 2721 filiae
1096 2665 1177 2740 Syou
1198 2674 1228 2723 ct
1254 2668 1359 2725 beatis

156 2745 261 2801 simam
275 2744 528 2820 praedicaverunt:
552 2744 659 2817 reginae
674 2749 704 2799 et
718 2744 887 2800 concubium
901 2744 1098 2802 laudaverunt
1111 2766 1183 2804 eam.
1222 2749 1298 2817 Qum
1313 2756 1357 2805 est

156 2827 213 2881 ista
227 2845 292 2900 quae
307 2824 494 2901 progreditur
507 2824 591 2898 quasi
604 2843 710 2880 aurora
723 2844 908 2900 consurgens,
928 2825 1051 2901 pulchra
1064 2835 1099 2884 ut
1114 2828 1193 2899 luna,
1214 2830 1309 2887 electa
1322 2837 1354 2885 ut

156 2906 208 2977 sol,
224 2906 365 2963 tenibilis
379 2912 414 2962 ut
427 2912 590 2961 castrorum
604 2905 680 2960 acics
694 2905 836 2963 ordinata.

219 2999 352 3056 Crudele.
397 2996 498 3073 Specie
511 3003 572 3053 tua.

164 3080 194 3138 V.
217 3080 343 3156 Propter
356 3078 522 3136 veritatem.

216 3160 365 3236 Alleluya.
413 3160 442 3219 V.
466 3159 628 3234 Assumpta
642 3165 696 3216 est.

358 3256 523 3331 Supremllia.

506 3335 666 3391 Hodierna
682 3335 733 3391 lux
749 3336 807 3393 diei

506 3416 637 3474 Celebris
650 3416 682 3472 in
696 3419 799 3473 matris
815 3417 871 3474 Dei

546 3497 659 3573 Agitur
673 3499 821 3555 memoria.

507 3577 705 3634 Decanteruus
720 3579 751 3634 in
766 3578 819 3635 hac
834 3578 880 3634 die

506 3658 627 3735 Semper
642 3659 766 3734 virginis
781 3660 885 3716 Mariae

547 3740 663 3796 Laudes
676 3747 707 3796 et
720 3741 873 3815 praeconia.

506 3820 611 3877 Omnis
625 3821 721 3889 homo,
736 3822 818 3877 cinni
831 3822 912 3890 hora,

505 3901 608 3977 Ipsam
622 3921 680 3961 ora.
697 3909 727 3959 et
740 3902 864 3977 implora

546 3982 620 4057 Ejus
634 3983 815 4057 patrocinia,

505 4061 612 4132 Psalle,
628 4063 720 4137 psalle
734 4065 801 4120 nisu
816 4072 879 4121 toto

506 4143 618 4213 Gordia,
634 4144 701 4215 oris,
717 4164 796 4216 voce,
811 4152 890 4216 voto,

546 4224 614 4280 Ave
628 4223 715 4299 plena
728 4221 832 4301 gratia,

506 4304 574 4361 Ave
588 4305 691 4381 regina
705 4307 850 4375 calorum,

506 4385 671 4461 Inexperta
684 4386 742 4442 viri
756 4395 863 4457 torum,

546 4465 658 4524 Parens
673 4467 762 4524 maris
776 4469 880 4528 nescia.
