2804 4920
369 319 466 385 Festo
486 317 677 384 Febrtrurii.
1061 323 1122 387 241

72 495 104 545 bl.

72 587 105 643 pe
118 586 249 639 munere,
262 566 400 639 Domine,
414 587 481 643 quae
495 568 527 624 in
541 568 634 626 beeiae
645 567 773 643 Agetboe
787 569 926 646 martyris
938 574 1000 627 tum
1013 569 1126 627 sollem-

72 649 198 720 lerimus,
209 649 293 725 cujus
304 669 357 706 nos
367 649 541 706 confidimus
552 649 715 726 patrocinio
726 649 853 707 liberari
884 649 943 708 Per
953 648 1123 708 Dominum.

72 750 168 788 eunio.

72 830 119 868 me
142 811 281 888 dignutus
298 830 328 868 es
349 811 388 868 ab
408 811 490 868 omni
512 810 598 887 plegu
618 830 729 883 curere,
744 820 776 869 et
794 811 940 870 mamilius
961 831 1040 870 mess
1062 832 1127 869 mco

72 894 215 964 stituere,
231 893 326 969 ipsum
341 892 447 950 invoco
461 892 560 949 Deum
574 893 689 950 vivum.

72 994 228 1032 ommunto.

72 1055 185 1112 lientur
207 1054 299 1126 uobis,
316 1053 452 1125 Domine,
469 1061 588 1130 sumpta
605 1055 754 1131 mysterio,
770 1062 801 1111 et
822 1055 1022 1114 intercedente
1043 1055 1129 1114 &stu

72 1144 191 1213 nertyre
206 1142 267 1207 tue,
281 1136 462 1212 sempiterna
472 1135 654 1212 protectione
667 1136 851 1194 confirment.
894 1135 961 1196 Per.

72 1318 175 1361 ronuu
197 1301 337 1359 Vnnnsrr
359 1318 396 1357 er
417 1301 560 1372 Ausum,
576 1314 794 1357 nmscoronuu.
838 1299 911 1375 (viii.
929 1299 973 1356 Id.
990 1299 1076 1375 Feb.)

73 1430 131 1467 uni.
175 1382 347 1467 Sacerdotes
361 1410 426 1466 Dei.

72 1511 100 1548 c.

72 1582 112 1639 to,
136 1571 272 1642 Domine,
299 1571 407 1647 populo
429 1577 482 1627 tuo
505 1590 572 1628 cum
597 1576 766 1627 sanctorum
788 1569 986 1628 confessorum
1010 1577 1128 1628 tuorum

74 1660 105 1709 et
123 1652 253 1709 Amandi
272 1652 329 1709 tibi
349 1652 513 1728 patrocinio
533 1651 721 1727 supplicanti,
736 1657 773 1708 ut
788 1651 867 1727 quod
887 1652 1007 1728 proprie
1023 1651 1132 1709 fiducie

72 1734 178 1804 esumit,
202 1734 435 1790 ‘intercessorum
464 1733 520 1789 tibi
547 1733 727 1808 placentium
760 1732 876 1790 meritis
907 1750 1129 1808 consequamur.

72 1834 173 1872 rmum.

72 1896 131 1954 'obt
175 1895 281 1952 Plures
294 1895 366 1952 fecti
379 1901 450 1952 sunt
462 1894 634 1952 secerdotes.

72 1977 129 2035 'ule
173 1975 377 2033 Exsultubunt
390 1976 493 2033 suncti.

72 2066 117 2115 ute
131 2056 268 2116 Domine.

72 2158 141 2214 oya.
193 2138 221 2196 l'.
247 2137 416 2207 Fulgebunt
426 2138 511 2214 justi.

72 2220 192 2279 lbaclus.
235 2219 294 2289 Qui
309 2219 464 2276 semiue-nt.

72 2300 195 2376 spolium
239 2299 308 2356 Sint
320 2299 415 2356 lumbi
429 2299 526 2356 vestri

72 2382 187 2439 terium.
231 2380 433 2438 Exsultebunt
446 2381 548 2438 saneti.

72 2472 114 2519 tc.

72 2543 171 2615 itiam,
186 2542 323 2610 Domine,
339 2541 604 2619 supplicationibus
626 2541 745 2611 nostris,
765 2548 796 2599 et
816 2537 1069 2599 intercedentibus
1082 2560 1136 2618 pro

72 2625 143 2682 sctis
163 2623 376 2681 confessoribus
398 2625 458 2680 tuis
478 2631 569 2699 etque
588 2622 776 2700 pontificibus
797 2622 930 2681 Vedusto
943 2628 975 2680 et
989 2621 1135 2692 Amendo,

72 2705 187 2763 ,mentis
200 2705 364 2763 coelestibus
377 2704 546 2776 servientes,
560 2704 598 2760 ub
612 2704 694 2761 omni
708 2704 794 2779 eulpa
807 2703 915 2761 liberos
928 2722 990 2760 csse
1003 2701 1137 2772 concede,

73 2794 159 2844 cante
174 2806 227 2843 nos
236 2786 334 2862 gratie
348 2795 408 2857 tuo,
425 2785 534 2843 eisdem
545 2787 653 2860 quibus
663 2784 844 2842 famulamur
856 2784 1006 2861 mysteriis
1018 2782 1137 2840 emend·

72 2867 131 2925 Per
145 2867 316 2924 Dominum.

72 2949 182 3007 munio.
225 2948 247 3006 ,J
250 2954 384 3005 ustorum
397 2947 512 3005 animm.

72 3029 240 3089 meconio.

72 3132 89 3183 s,
105 3112 159 3188 qui
183 3130 237 3167 nos
258 3130 277 3167 e
299 3109 474 3167 delictorum
498 3109 643 3185 contagiis
666 3108 768 3185 expies
781 3107 969 3184 perceptione
982 3124 1144 3165 scemmen-

72 3204 171 3249 ›raests
185 3200 219 3248 ut
245 3195 397 3248 beutlirum
419 3190 617 3248 confessorum
637 3196 759 3246 tuorum
781 3195 812 3246 et
826 3189 1002 3265 pontificum
1015 3186 1144 3246 Vedusti

72 3273 118 3330 nli
128 3273 243 3330 meritis
256 3292 275 3329 e
287 3273 402 3329 cunctis
415 3290 556 3329 emamus
568 3271 709 3341 adversis,
724 3277 755 3328 et
769 3270 934 3328 celestibus
945 3269 1016 3328 vitm
1030 3268 1145 3335 deliciis

72 3375 134 3412 nur.
178 3353 243 3411 Per.

156 3515 285 3574 Ssncrn
305 3514 505 3587 Scortumn,
528 3531 671 3573 vmenus.
714 3513 765 3593 (iv.
783 3514 828 3572 Id.
845 3514 930 3592 Feb.)

73 3634 144 3730 ium.
188 3632 330 3691 Dilexisti
339 3633 500 3709 justitium.

72 3736 158 3855 illlam
181 3801 275 3867 tuum,
289 3815 465 3872 quaesumus,
482 3795 619 3866 Domine,
635 3795 728 3853 beetae
751 3793 876 3870 virginis
896 3799 957 3850 tues
978 3791 1144 3851 Scelesticoe

72 3878 216 3956 propitius
231 3878 361 3954 respice:
383 3884 418 3933 ut
438 3876 516 3934 sieut
535 3877 629 3952 ipsius
651 3876 784 3952 precibus
803 3875 841 3932 ud
855 3873 1051 3932 obtinendum
1065 3872 1144 3949 quod

72 3961 123 4017 scit
146 3960 271 4016 imbrem
286 3958 400 4015 celitus
424 3957 598 4015 descendere
618 3956 724 4029 fecisti,
739 3957 784 4015 ita
796 3957 860 4032 ejus
879 3954 1144 4031 supplicationibus

72 4061 113 4098 em
130 4040 226 4099 nostri
239 4039 335 4098 cordis
349 4058 482 4116 supernoe
503 4038 633 4116 digneris
655 4038 759 4116 gretiee
771 4057 838 4097 rone
859 4036 1042 4114 perfundere.
1085 4034 1145 4092 Per

72 4143 144 4262 [ιῧὶα.
189 4202 250 4273 Qui
262 4201 415 4279 glorietur.

72 4285 141 4344 dale.
184 4284 328 4342 Dilexisti
336 4281 496 4358 justitium.

72 4374 170 4439 pterea.

72 4447 169 4524 lluyao'
201 4445 231 4506 V.
253 4444 369 4505 Diffusa
383 4452 435 4504 est

453 4543 472 4586 Q
