2804 4920
527 299 622 364 Festo
646 300 836 367 Felnncuii.

146 465 339 538 Qffertorienn.
386 465 469 522 Filiae
484 484 595 543 regum.
681 499 687 512 ·

143 550 263 604 ,tu-en.

143 627 182 683 In
205 633 312 684 sauctae
336 627 475 704 martyris
488 635 561 685 ture
585 628 715 687 Julianae
730 630 865 707 pretioso,
888 639 928 702 te,
953 630 1091 703 Domine,
1114 630 1280 688 mimbilem

82 707 284 784 prrcdimutes,
298 727 422 766 munera
434 709 537 767 votive
557 710 734 784 deferimus;
755 717 870 787 praesta‚
885 731 1063 788 quaesumus,
1078 718 1114 768 ut
1127 713 1203 769 sicut
1216 713 1279 787 ejus

82 788 137 928 {ibi
153 797 243 926 pputo
262 797 333 847 suut
354 790 469 859 meritc,
490 790 532 848 sic
552 797 660 848 nostroe
681 792 834 849 semitutis
854 799 975 869 accepte
992 792 1155 850 redduntur
1177 792 1276 850 officis.

107 889 140 927 er
184 889 324 929 ommum.

141 950 325 1008 Conmeunio.
369 951 471 1010 Simile
484 958 537 1009 est.

140 1032 384 1090 Poctcommunio.

141 1112 290 1186 Liburnos,
306 1113 443 1185 Domine,
459 1132 566 1171 mensae
580 1121 641 1172 tuoe
655 1116 741 1173 beuta
761 1116 910 1191 mysteria,
925 1135 1093 1192 quaesumus
1113 1121 1149 1172 ιιι
1169 1121 1277 1174 senctae

82 1193 208 1251 Julinnae
222 1196 363 1270 martyris
374 1201 433 1252 tum
443 1194 712 1254 interventionibus
725 1205 756 1253 et
768 1205 942 1273 praesentem
954 1197 1038 1255 nobis
1049 1195 1277 1256 misericordium

82 1275 212 1332 consents
225 1283 256 1333 et
270 1277 487 1353 sempiternum.
532 1275 589 1334 Per
602 1275 773 1334 Dominum.

292 1486 332 1544 In
353 1486 525 1544 Orrnnnnn
545 1503 651 1545 senen
672 1487 777 1545 Purnr.
820 1486 893 1564 (viii.
912 1486 981 1544 Kal.
998 1485 1103 1563 Mart.)

139 1592 280 1667 Officium.
323 1592 445 1650 Statuit.

137 1674 249 1732 Oratio.

136 1754 228 1826 Deus,
243 1754 296 1831 qui
309 1754 396 1812 besto
419 1754 509 1812 Petro
533 1754 665 1832 apostolo
679 1759 732 1811 tuo
754 1753 867 1812 collutis
891 1754 1023 1812 clavibus
1045 1752 1130 1830 regni
1143 1751 1274 1825 caelestis,

82 1836 188 1893 animas
197 1836 309 1913 ligandi
318 1842 409 1912 atque
425 1835 559 1893 solvendi
571 1835 755 1912 pontificium
767 1835 918 1893 trudidisti
931 1857 937 1892 :
951 1835 1075 1893 concede
1089 1841 1125 1892 ut
1137 1834 1275 1893 interces-

82 1915 164 1975 sionis
177 1917 241 1994 ejus
254 1917 367 1973 auxilio
381 1937 399 1974 a
412 1925 597 1993 peccatorum
611 1921 780 1973 nostrorum
789 1916 916 1974 nexibus
929 1917 1094 1975 liberemur.
1118 1915 1178 1985 Qui
1188 1915 1273 1974 vivis

135 1999 232 2057 Lectio
246 1997 385 2074 Epistolae
399 1998 473 2055 beati
485 1998 569 2056 Petri
581 1997 714 2073 Apostol'
729 1996 757 2077 (l
774 1998 794 2056 i.
813 1998 885 2075 1-7).

136 2080 244 2137 Petrus
258 2078 409 2156 apostolus
417 2099 507 2154 eisquc
515 2081 555 2137 ad
564 2079 596 2135 in
605 2079 816 2137 revelationem
825 2078 949 2136 Domini
962 2078 1058 2136 nostri
1067 2077 1089 2136 J
1090 2097 1142 2136 esu
1150 2076 1271 2136 Christi.

136 2159 272 2218 Gradcle.

134 2241 280 2299 Excltent
293 2260 361 2299 eum
371 2240 404 2297 in
418 2240 538 2298 eeclesia
545 2240 639 2317 plebis
652 2262 658 2298 :
673 2247 704 2298 et
718 2241 750 2298 in
758 2240 896 2298 cathedra
907 2241 1053 2299 seniorum
1062 2239 1182 2298 laudent
1194 2259 1271 2298 eum.

82 2317 341 2382 [confiteantur
371 2322 501 2380 Domino
531 2321 735 2380 misericordiae
768 2322 851 2397 ejus:
883 2331 914 2380 et
940 2321 1089 2379 mimbilie
1116 2322 1179 2399 ejus
1202 2320 1272 2379 filiis

82 2400 235 2462 lominum.

134 2484 267 2542 Tractus.
1077 2533 1086 2552 ,

131 2565 178 2623 Τιι
188 2585 219 2624 es
235 2565 349 2635 Petrus,
365 2571 395 2622 et
405 2584 493 2641 super
506 2565 581 2622 hanc
594 2571 709 2641 petram
720 2565 868 2622 oedificabo
879 2564 1040 2623 Ecclesiam
1054 2583 1158 2622 meam.

82 2643 108 2707 V.
130 2646 172 2705 Et
184 2654 277 2723 portoe
295 2646 383 2703 inferi
400 2665 461 2703 non
481 2646 685 2722 prevalebunt
705 2645 844 2704 adversus
858 2665 938 2705 eom:
952 2654 983 2703 et
1003 2646 1059 2704 tibi
1079 2645 1156 2703 dubo
1176 2643 1271 2701 claves

82 2727 333 2885 ῗῃᾶιῗιῗιιιῖιῖξέιῃιιο
345 2806 483 2885 ligaveris
495 2827 584 2884 super
597 2815 707 2866 terrum
720 2829 727 2867 :
748 2807 807 2865 erit
820 2807 944 2885 ligatum
958 2813 989 2865 et
1002 2807 1035 2864 in
1048 2807 1134 2866 caelis.

82 2886 107 2945 s.
130 2889 169 2947 Et
182 2889 378 2966 quodcunque
391 2888 513 2946 solveris
526 2895 737 2966 superterram
750 2911 756 2947 :
778 2889 836 2946 erit
848 2888 979 2946 solutum
992 2894 1024 2946 et
1037 2887 1070 2944 in
1083 2888 1168 2945 caelis.

131 2968 298 3029 Secu-mlum
312 2969 487 3027 Mattleaeum
500 2970 574 3044 (orci.
593 2970 707 3048 1319).
789 3035 793 3042 ¹

132 3051 168 3108 In
182 3051 234 3110 illo
248 3057 388 3128 tempore,
399 3049 494 3108 Venit
507 3050 529 3108 J
530 3071 596 3110 esus
606 3053 637 3109 in
652 3057 750 3128 partes
761 3050 898 3110 Oaesereae
909 3049 1041 3127 Philippi
1053 3070 1142 3124 usquc
1156 3053 1197 3110 ad
1210 3052 1267 3110 erit

82 3129 198 3190 elutum
212 3139 244 3190 et
256 3132 290 3189 in
303 3131 388 3189 eaelis.

132 3213 229 3272 Credo.

133 3294 323 3368 Offertorium.

132 3374 174 3433 Tu
187 3396 218 3433 es
232 3375 350 3446 Petrus,
365 3382 396 3432 et
409 3395 496 3452 super
515 3375 591 3433 hunc
613 3380 728 3450 petrem
750 3374 899 3431 aedifiecbo
920 3373 1080 3432 Ecclesiam
1095 3394 1211 3449 meom3
1234 3385 1265 3436 et

82 3462 162 3591 *Optoe
184 3457 272 3514 inferi
294 3475 355 3514 non
378 3457 581 3532 prevalebunt
605 3462 708 3513 contra
729 3474 794 3513 eam
818 3461 848 3512 et
872 3456 928 3512 tibi
955 3454 1031 3513 dubo
1059 3455 1154 3515 claves
1181 3459 1262 3536 regui

82 3547 211 3595 norum

132 3616 247 3677 &creo
470 3679 474 3688 ‚

133 3696 263 3757 Fcclesiae
291 3706 361 3770 ture,
386 3719 562 3776 quaesumus,
589 3698 726 3770 Domine,
755 3717 855 3775 preces
882 3704 913 3757 et
939 3698 1051 3757 hostias
1078 3700 1157 3757 beati
1179 3701 1263 3758 Petri

82 3781 190 3846 Poeteli
212 3780 260 3838 tui
283 3781 468 3838 commendet
492 3780 595 3850 oratio,
620 3786 657 3837 ut
680 3778 759 3855 quod
782 3799 835 3856 pro
855 3779 936 3838 illius
958 3780 1051 3857 gloria
1075 3780 1261 3852 celebramus,

82 3856 153 3917 robis
164 3861 256 3938 prosit
268 3861 308 3919 ud
320 3861 445 3920 veniam.
489 3861 547 3919 Per
560 3860 733 3921 Dominum.

131 3939 274 4017 Proesatio.
316 3941 359 4000 Et
371 3948 410 4014 tc,
428 3941 563 4012 Domine,
578 3941 758 4019 suppliciter.

133 4020 309 4081 Oonrneonio.

131 4101 170 4161 Tu
183 4123 214 4161 es
229 4103 343 4176 Petrus,
357 4110 388 4161 et
401 4103 576 4181 superbene
589 4110 703 4182 petrum
717 4104 866 4162 aedificabo
881 4104 1039 4162 Ecclesiam
1054 4124 1155 4162 meam.

133 4182 366 4244 Postcommunio.

134 4262 277 4340 Ioetilicet,
293 4265 430 4338 Domine,
445 4285 619 4342 quaesumus‚
635 4285 743 4323 munus
756 4266 896 4340 oblatum,
912 4272 947 4323 ιιι
960 4266 1037 4323 sicut
1054 4266 1184 4343 apostolo
1206 4274 1258 4327 tuo

82 4328 159 4402 ?etro
170 4355 199 4405 te
211 4347 373 4406 mirabilem
388 4347 588 4424 prredicumus,
604 4347 645 4404 sic
659 4347 808 4424 perillum
828 4354 887 4406 tuae
901 4367 1049 4406 sumemus
1067 4347 1257 4427 indulgentiae

82 4424 237 4498 uuinton.
280 4428 522 4495 PerDominum.
