2804 4920
78 343 169 407 “266
580 336 676 403 Festo
696 335 816 401 Jaaa'i.

166 504 331 581 Seqaaerttio,
345 505 380 562 de
393 502 558 563 Communi.

166 586 365 661 lloarapeliam.
407 585 527 655 Videte,
541 583 670 660 vigilate.

169 667 359 742 Offertoriara
402 666 528 723 Veritaa

167 747 286 806 Saeua.

167 828 362 904 Omnipotens
380 833 411 884 et
429 826 592 884 misericors
608 826 698 897 Deus,
713 826 766 902 qui
780 825 870 883 verbo
883 824 1006 883 virtutis
1018 845 1080 883 snae
1093 846 1193 885 rerum
1204 834 1282 887 trans·

108 916 205 967 mutat
218 909 422 979 substantiam,
436 927 522 965 auum
536 906 620 964 nobis
635 906 787 983 impendat
801 904 955 977 auxilium,
971 911 1008 963 ut
1020 906 1053 964 in
1066 906 1116 965 his
1128 909 1232 967 oblatis
1241 928 1283 986 pro

107 990 202 1048 salute
224 990 338 1066 generis
361 989 491 1059 humani,
505 988 772 1045 intervenientibus
794 987 908 1044 meritis
930 994 961 1045 et
983 987 1119 1064 precibus
1140 988 1283 1047 tactam

108 1071 278 1129 confessoris
291 1071 336 1127 sui
353 1069 510 1140 Edmundi,
526 1068 633 1125 summi
646 1068 822 1125 sacramenti
835 1067 998 1125 sentiamus
1010 1068 1157 1130 effectum.
1198 1070 1256 1129 Per.

169 1151 240 1208 Alia
252 1150 372 1208 Secreto.

170 1232 247 1304 Fiat,
274 1231 408 1300 Domine,
436 1249 611 1306 quaesumus,
639 1229 736 1287 hostia
761 1228 902 1286 sananda
922 1229 980 1287 tibi
1002 1228 1155 1307 placabilis
1181 1230 1284 1308 pretiosi

108 1312 276 1371 celebritate
296 1311 439 1388 martyrii,
455 1330 520 1387 qun
534 1318 564 1368 et
578 1316 698 1387 peccata
712 1315 814 1367 nostra
827 1309 972 1386 purificet,
986 1317 1017 1369 et
1030 1316 1150 1369 tuorum
1164 1312 1218 1370 tibi
1228 1317 1285 1370 aa

111 1394 247 1452 conciliet
259 1392 444 1450 famulorum.
488 1392 545 1450 Per
559 1391 729 1449 Dominum.

172 1473 352 1534 commun-to.
396 1472 506 1529 Beatus
519 1491 628 1531 servue.

171 1553 410 1613 Postcommunlo.

172 1635 310 1692 Mirauda
322 1633 492 1692 confessoris
512 1634 559 1691 tui
578 1633 657 1691 beati
678 1633 828 1690 Edmundi
848 1632 1005 1692 translatio
1022 1633 1099 1692 bene
1121 1633 1237 1692 vivendi
1252 1632 1283 1690 eit

112 1716 197 1773 nobie
216 1714 390 1791 exemplum,
407 1721 552 1790 qnatenus
574 1714 666 1790 ipsius
690 1714 806 1771 meritis
827 1719 857 1772 et
880 1714 1073 1787 documentis,
1088 1715 1190 1773 divina
1205 1713 1284 1792 grata

111 1803 279 1874 praestante,
295 1795 504 1853 transferamur
516 1795 554 1852 ad
568 1795 631 1852 caeli
644 1795 761 1871 palatia
805 1795 870 1854 Per.

174 1877 245 1934 Alia
258 1875 498 1934 Poatcommuaio.

174 1957 355 2027 Qrtaesumus,
391 1957 575 2032 omnipotens
609 1956 698 2028 Deus,
727 1961 762 2013 ut
795 1963 963 2013 sanctorum
993 1960 1114 2015 tuorum
1147 1955 1236 2015 Primi
1260 1958 1284 2012 et

113 2037 255 2096 Feliciani
275 2038 437 2095 caelestibus
456 2036 602 2111 mysteriis
624 2037 769 2094 celebrata
788 2036 969 2094 sollemnitas
989 2037 1203 2116 indulgentiam
1215 2035 1283 2095 nous

113 2126 172 2176 tuae
185 2119 401 2196 propitiationis
415 2118 555 2194 acquirat.
599 2117 658 2175 Per
671 2117 841 2175 Dominum.

345 2323 455 2381 siren
477 2324 643 2393 Bararus,
664 2337 813 2380 srosron.
858 2322 912 2399 (iii.
928 2322 974 2381 Id.
989 2323 1012 2381 J
1013 2326 1079 2401 un.)

178 2446 316 2523 Officia-oe.
359 2447 438 2505 Mihi
451 2453 557 2506 autem.

179 2529 287 2587 Oratio.

179 2609 516 2684 Deus‚qui11nivors11111
537 2610 637 2666 orbem
657 2608 795 2684 apostolis
816 2607 1007 2665 imbuendum
1029 2601 1278 2673 commendatitio

117 2711 170 2748 nos
184 2692 262 2747 beuti
278 2691 418 2746 Barnabae
440 2691 564 2765 apostoli
582 2690 627 2746 tui
641 2689 838 2746 commendari
858 2689 1004 2762 suffragiis
1018 2697 1049 2746 et
1063 2690 1188 2765 praemiis
1199 2680 1276 2743 sociari

119 2773 272 2848 perpetuia
317 2771 375 2827 Per
389 2772 558 2828 Dominum.

179 2852 273 2910 Lectio
287 2852 414 2909 rictorem
428 2851 630 2926 Apostolorum
643 2851 725 2921 (xlii.
742 2850 863 2922 44-52).

180 2934 217 2991 In
239 2934 340 2989 dicbus
363 2934 430 3001 illis,
446 2932 592 2989 Convenit
608 2931 745 2987 universa
758 2931 861 2988 civitas
875 2951 963 3005 curque
984 2933 1025 2988 ad
1045 2930 1189 3008 Discipuli
1203 2931 1274 2985 autu

119 3014 307 3090 replebantur
320 3013 425 3089 gartdio
440 3021 470 3069 et
484 3013 597 3089 Spiritu
612 3013 727 3069 Sancto.

183 3094 315 3151 Grorlolc.
362 3095 464 3150 Nimis.

128 3176 155 3232 l'.
183 3175 390 3231 Dinumorabo,

182 3255 328 3330 Alleluya.
379 3256 406 3313 l'.
431 3255 488 3311 Per
501 3274 611 3313 manus.
1256 3322 1261 3334 ¹

181 3335 216 3392 Sl
229 3336 280 3392 leco
295 3336 445 3392 Fortunae
460 3336 505 3392 elie
520 3334 701 3392 zleoenuiooie
720 3355 808 3409 usque
823 3335 863 3391 ael
876 3334 952 3391 client
968 3333 1140 3393 Peateooales
1152 3329 1273 3404 ratem

123 3417 164 3473 iti
179 3416 335 3483 celebretur,
350 3425 375 3472 el
389 3418 545 3472 ceramium
561 3416 700 3490 Alleluya
713 3416 767 3472 erit
781 3417 815 3472 <le
829 3415 1005 3473 Asoertoioue

184 3495 346 3570 Sequentia,
362 3497 395 3553 ele
411 3496 574 3554 Cornutum,

186 3577 383 3651 Eooupelium.
427 3579 517 3634 Facta
531 3584 575 3634 est
589 3576 746 3634 contentio.

186 3658 377 3732 offortorium.
420 3659 457 3715 In
472 3678 594 3717 omnem.

185 3739 303 3797 Secreto.

186 3819 363 3885 Placationis
390 3821 454 3888 tibi,
481 3820 616 3890 Domine,
639 3820 818 3876 sacrificium
842 3818 873 3874 in
901 3817 954 3874 hoc
982 3818 1143 3875 beatissimi
1167 3806 1276 3894 urnula

125 3901 249 3977 apostoli
263 3903 305 3957 tui
322 3901 518 3958 sollemnitate
532 3901 696 3971 deferimus,
712 3902 795 3976 cnjus
813 3919 865 3956 nos
886 3899 1018 3975 precibus
1032 3899 1094 3956 haec
1107 3891 1277 3971 ademptione

125 3989 231 4039 nostrae
256 3983 393 4058 suffragia
416 3990 445 4038 et
473 3982 644 4058 intelligere,
667 4000 842 4057 quaeamus,
867 3979 1005 4037 concedas
1029 3987 1060 4037 ct
1083 3979 1198 4055 assequi
1238 3967 1277 4025 1²0²

127 4063 296 4120 Dominum.

187 4144 367 4202 Communia
411 4143 475 4200 Vos
490 4144 541 4219 qui
555 4144 655 4201 secuti.

187 4224 427 4282 Poolcommureio.

187 4306 374 4362 Srionimenta
394 4305 526 4375 caelestia,
542 4325 607 4381 qua}
625 4324 678 4381 pro
699 4303 778 4362 boati
798 4304 940 4361 Barnabae
960 4302 1084 4379 apostoli
1105 4302 1152 4360 tui
1171 4294 1277 4386 passione

130 4385 263 4455 Domino,
280 4387 439 4443 obtulimus
460 4386 609 4460 majestati
630 4393 697 4454 tuse,
712 4386 813 4461 ipsius,
828 4404 1001 4461 quaesumus,
1018 4385 1091 4441 fiant
1112 4381 1279 4441 interemor

129 4466 269 4524 salutaria
283 4469 314 4523 in
328 4468 411 4543 cujus
423 4467 560 4524 natalitio
574 4474 644 4524 sunt
657 4477 795 4542 suscepta
840 4466 897 4522 Per
911 4464 1081 4522 Dominum.
