2804 4920
153 310 213 371 isc
461 306 558 373 Dora
580 305 623 372 ot.
642 311 718 391 post
741 305 804 373 ou.
826 304 1035 373 Pentecoste.

212 470 412 548 Evossqelium.
454 472 622 532 Secundum
635 472 748 532 Inacam
760 472 803 549 (v.
821 472 915 550 1-11)

210 554 250 612 In
264 553 315 612 illo
327 558 468 630 tempore,
483 553 558 612 (lum
572 554 668 612 turbes
681 554 830 612 inruerent
841 553 880 611 ad
892 553 915 613 J
915 572 1008 626 uum,
1020 558 1057 611 ut
1070 552 1212 611 audirent
1224 550 1351 609 verbum

152 634 217 708 Dei,
233 642 264 692 et
277 634 339 712 ipse
352 636 451 693 subet
463 655 545 693 secus
558 640 697 713 stagnum
710 634 891 694 Geneaareth
906 654 998 711 aeque
1016 635 1057 693 ad
1078 633 1119 692 Et
1137 632 1297 691 subductis
1315 631 1354 689 ad

151 722 260 773 terram
273 716 407 790 navibus,
423 716 533 775 relictis
546 716 691 787 omnibus,
706 716 801 774 secuti
814 722 885 774 sunt
897 735 972 774 eum.

213 796 403 870 offertorium

211 876 389 935 Benedicum
415 877 579 936 Dominum
605 877 658 955 qui
685 877 758 935 mihi
782 877 889 935 tn'buit
915 876 1124 935 intellectum:
1158 872 1354 951 providebam

152 956 250 1015 Deum
264 958 294 1016 in
309 964 466 1035 conspectu
479 978 544 1017 meo
557 977 693 1036 semper:
721 959 860 1035 quoniam
879 978 897 1015 a
912 958 1027 1017 dextris
1045 963 1094 1016 eat
1112 957 1198 1027 mihi,
1219 973 1259 1013 ne
1277 974 1354 1013 ccm-

151 1056 277 1096 movear.

210 1117 330 1177 Secreta.

212 1199 428 1272 oblationibus,
443 1220 617 1277 quaesumus,
632 1200 769 1271 Domine,
783 1200 898 1277 placare
911 1199 1073 1278 susceptis:
1093 1206 1125 1258 et
1138 1199 1177 1257 ad
1189 1206 1223 1258 te
1236 1205 1353 1258 nosms

151 1279 272 1420 rebcges
286 1280 425 1359 compelle
439 1282 585 1359 propitius
602 1281 778 1340 voluntates
821 1281 881 1340 Per
893 1281 1065 1340 Dominum.

235 1381 390 1420 ommumo.

212 1441 314 1501 Unam
338 1443 451 1520 petila
474 1443 613 1515 Domino,
638 1443 714 1501 hunc
741 1443 912 1520 requiram:
947 1449 983 1502 ut
1009 1441 1175 1501 inhabitem
1203 1441 1238 1499 in
1263 1440 1354 1501 domo

153 1522 275 1580 Domini
288 1524 424 1581 omnibus
437 1524 541 1582 diebus
553 1525 623 1582 vitae
636 1544 717 1583 mec.

211 1602 452 1663 Postcommunio.

211 1683 356 1760 Mysteria
375 1704 438 1757 uos,
459 1685 596 1758 Domine,
610 1705 785 1762 quesumus,
802 1691 904 1744 sancta
923 1685 1082 1762 purificent
1101 1690 1133 1743 et
1152 1703 1208 1743 suo
1229 1702 1356 1743 munere

151 1771 300 1822 tucantur.
342 1765 402 1824 Per
415 1766 586 1826 Dominum.

616 1959 717 2017 ana
741 1960 878 2030 Quarta

212 2079 261 2136 Ad
274 2078 421 2137 Romanoa
434 2080 495 2154 (iii.
513 2080 629 2138 28-iv.
646 2079 690 2158 δ).

205 2159 349 2253 ,Ειιιιιθεε
369 2160 564 2219 Arbitramur
584 2162 663 2220 enim
687 2161 836 2218 hominem
850 2179 941 2236 usque
958 2158 1000 2217 ad
1018 2164 1175 2236 reputatur
1194 2157 1271 2217 fides
1292 2160 1359 2236 ejus

152 2240 188 2294 ml
198 2246 379 2379 &duffio
393 2321 566 2381 mmmm
578 2321 655 2401 (m.
672 2322 787 2400 asoa).

151 2400 495 2541 ‹rediissidztoempooe'
518 2404 618 2463 Homo
646 2404 767 2481 quidam
793 2403 900 2461 habuit
926 2402 999 2461 duos
1025 2401 1103 2459 filios
1128 2420 1222 2477 usque
1249 2402 1295 2460 nd
1322 2412 1358 2459 ut

633 2632 733 2690 Fama
755 2631 863 2689 Suxne.

215 2755 356 2830 Epistola.
399 2757 494 2816 lectio
508 2756 665 2814 Malachiae
678 2755 829 2831 Prophetes
842 2754 904 2831 (iii.
921 2751 1016 2811 5-iv.
1035 2753 1052 2809 6
1055 2753 1078 2827 ).

212 2836 287 2894 Haec
302 2837 375 2895 dicit
390 2839 536 2895 Dominus
550 2839 650 2895 Deus:
670 2836 815 2894 Accedam
831 2836 869 2893 ad
882 2854 934 2891 vos
949 2835 981 2892 in
1000 2831 1114 2910 judicio
1127 2850 1221 2905 neque
1241 2832 1285 2890 ud
1306 2852 1356 2890 cor

153 2917 281 2974 liliorum
294 2919 331 2975 ad
346 2926 443 2995 putres
457 2939 567 2989 eorum,
582 2918 655 2975 dicit
669 2917 816 2975 Dominus
829 2915 1023 2992 omnipotens

212 2998 378 3056 Secundum
393 2999 566 3057 Matthoeum
579 2999 664 3076 (mvii.
684 2998 797 3075 10-17).

212 3078 251 3135 In
264 3079 316 3136 illo
330 3087 469 3156 tempore,
482 3081 744 3154 Interrogaverunt
756 3078 778 3136 J
779 3097 862 3135 esum
875 3076 1012 3152 discipuli
1022 3075 1086 3152 ejus
1100 3075 1250 3133 dicentes:
1272 3075 1353 3145 Quid

153 3178 220 3234 crgo
234 3160 334 3216 scribae
346 3161 457 3232 dicunt,
470 3162 540 3237 quia
551 3160 673 3218 Heliam
688 3164 804 3235 oportet
817 3159 945 3235 primum
956 3157 1057 3214 venire
1070 3176 1161 3231 usque
1174 3157 1216 3214 ud
1229 3164 1353 3214 curatus

152 3245 197 3294 ost
212 3258 292 3313 puer,
307 3260 344 3296 ex
358 3241 409 3298 illa
424 3242 502 3299 horu.

368 3443 528 3501 Dourmcs
549 3444 650 3502 Suara
671 3459 742 3502 ross
763 3443 904 3501 Oeneius
925 3440 1145 3499 Pnsnscossss.

215 3546 353 3620 (illicitam.

213 3627 359 3685 Dominus
373 3628 517 3687 fortitudo
529 3629 624 3707 plebis
634 3649 692 3687 suae
707 3634 738 3686 et
751 3634 897 3705 protector
911 3626 1085 3684 salutarium
1100 3623 1215 3682 Christi
1228 3624 1277 3681 sui
1290 3630 1353 3682 est:

150 3708 264 3766 salvum
280 3709 325 3768 fec
338 3711 480 3788 populum
493 3718 588 3781 tuum,
605 3711 733 3768 Domine
748 3731 754 3767 ε
775 3716 805 3767 et
818 3708 940 3768 benedic
953 3707 1121 3765 haereditati
1133 3713 1193 3764 tuae
1207 3726 1214 3763 :
1240 3710 1272 3763 et
1285 3724 1354 3782 rege

151 3809 207 3862 eos,
223 3795 254 3848 ct
267 3791 377 3850 extolle
388 3793 455 3851 illos
469 3793 606 3869 usquein
620 3791 767 3850 soeculum.

212 3871 357 3932 Psalmus.
394 3871 397 3875 ’

212 3953 262 4011 Ad
283 3962 321 4026 te,
342 3955 478 4027 Domine,
497 3956 638 4026 clamabo,
661 3954 745 4012 Deus
766 3973 856 4023 nicus,
881 3971 918 4009 ne
942 3950 1028 4008 sileas
1052 3969 1070 4006 a
1094 3969 1160 4006 me:
1191 3948 1351 4025 nequando

150 4040 246 4091 taceas
259 4056 277 4091 u
290 4055 345 4107 mc,
361 4045 391 4095 et
405 4037 589 4094 assimilabor
602 4034 847 4093 descendentibus
860 4032 893 4090 in
906 4033 1011 4090 lucum.

212 4115 320 4174 Oratio.

211 4196 301 4267 Beue,
313 4200 364 4273 qui
375 4198 566 4275 diligentibus
576 4205 606 4255 te
616 4196 694 4253 bona
706 4195 869 4253 invisibilia
883 4192 1062 4270 pmparasti,
1075 4190 1200 4249 infunde
1213 4190 1349 4248 cordibus

151 4278 259 4333 nostris
273 4278 320 4335 tui
333 4280 441 4337 amoris
454 4280 593 4336 affectum
607 4299 613 4333 :
633 4285 669 4334 ut
682 4286 712 4334 te
725 4278 758 4334 in
771 4277 908 4334 omnibus
922 4283 953 4333 et
965 4293 1053 4350 super
1068 4273 1169 4330 omnia
1181 4271 1346 4348 diligentes

151 4359 354 4431 promissiones
375 4368 451 4431 tuns,
472 4380 538 4435 qua*
558 4378 645 4417 omne
665 4358 839 4416 desiderium
862 4362 1012 4434 superant,
1026 4372 1248 4430 consequamur.
1292 4351 1348 4409 Per

156 4438 320 4497 Dominum.
