2804 4920
1011 224 1188 293 “f-X

481 335 530 400 Iu
549 334 643 401 Festo
664 334 774 401 musti
797 333 939 403 leueoe.

433 573 473 630 Is
487 572 551 631 Dm
570 589 676 633 sareu
697 574 818 633 Taoun
839 591 1001 635 murum

177 708 316 783 Officium.
359 706 547 767 Gaudeamus
568 727 668 766 omnes
696 708 729 766 in
751 708 881 766 Domino
903 708 983 768 diem
1002 709 1110 768 festum
1133 709 1314 770 eelebrentes

114 789 170 846 sub
187 789 297 847 honore
315 786 436 847 Thomoe
453 790 600 865 martyris,
615 788 652 847 de
673 790 757 866 enjus
778 790 912 868 passione
933 790 1064 869 gaudent
1084 789 1184 868 angeli
1207 799 1240 850 et
1261 793 1317 851 eol

113 869 238 928 laudent
251 869 362 928 Filium
375 869 442 930 Dei

175 951 224 1009 Ps.
255 949 345 1024 Deus,
354 951 650 1030 veneruntgentesrn
664 951 860 1010 hered1tatem
869 958 970 1011 tuam
962 951 1160 1029 polluerunt
1170 954 1314 1032 templum

113 1037 248 1090 sanetum
262 1037 366 1090 tuum:
386 1038 548 1109 posuerunt
562 1031 771 1092 Hiemsalem'
762 1053 796 1091 ru
808 1053 963 1112 pomorum
976 1032 1147 1093 custodiam.

174 1112 280 1190 Kyrie,
295 1112 363 1170 Lux
377 1119 408 1171 et
421 1113 511 1192 origo.

175 1193 283 1253 Oratio.

174 1274 264 1347 Deus,
279 1294 333 1352 pro
346 1275 430 1352 eujus
443 1275 574 1334 Ecclesia
585 1275 728 1354 gloriosus
741 1281 855 1353 martyr
868 1283 899 1335 et
918 1276 1054 1353 pontifex
1067 1275 1196 1334 Thomas
1209 1277 1312 1354 gladiis

112 1355 271 1432 impiorum
280 1357 436 1428 occubuit3
449 1363 564 1434 praesta,
576 1376 751 1434 quaesumus,
761 1363 797 1414 ut
809 1357 974 1434 omnesqui
986 1358 1049 1434 ejus
1059 1357 1222 1434 implorant
1232 1358 1312 1417 auxi-

112 1435 194 1508 lium,
210 1436 361 1514 petitionis
374 1457 434 1495 suae
448 1436 606 1496 salutarem
619 1445 836 1515 consequantur
850 1440 994 1497 effectum.
1037 1437 1096 1496 Per
1110 1438 1283 1499 Dominum.

171 1518 317 1576 Memorio
333 1519 368 1576 de
385 1517 554 1592 Natiuitate,
574 1519 609 1577 do
626 1529 724 1577 saneto
741 1518 894 1596 Stephano,
909 1520 944 1578 de
962 1527 1059 1579 easuto
1072 1518 1219 1592 Jotanm,
1235 1531 1261 1579 et
1280 1520 1313 1578 de

111 1598 317 1658 Innocentitua
331 1608 455 1658 tautum.

170 1679 312 1755 Epistola.
356 1680 460 1738 Omnis
472 1679 616 1759 pontifex,
639 1681 673 1739 in
686 1679 845 1740 Oooemuui
857 1681 949 1739 uarius
961 1681 1108 1758 martyris.

172 1759 306 1819 Gruduis.
352 1759 483 1820 Posuisti
510 1762 639 1822 Domine
665 1782 754 1840 super
780 1768 870 1840 caput
896 1763 960 1839 ejus
986 1782 1123 1822 eoronam
1150 1762 1189 1821 de
1214 1762 1306 1841 lapide

130 1842 244 1900 retioso.

108 1861 143 1980 1i'.
170 1922 358 1981 Desiderium
370 1922 477 1982 enimse
491 1924 554 2001 ejus
568 1924 702 1982 tribuisti
715 1923 761 1986 ei:
780 1930 811 1983 et
825 1924 981 1983 voluntate
1000 1924 1146 1983 labiorum
1167 1925 1230 2001 ejus
1248 1942 1304 1981 non

108 2003 251 2062 fraudasti
264 2024 340 2062 eum.

168 2085 316 2161 Alleluya.
366 2085 395 2144 l'.
422 2085 588 2144 Laetabitur
605 2087 707 2163 justus
727 2086 761 2144 in
782 2087 922 2160 Domino,
942 2092 974 2146 et
995 2087 1126 2165 sperabit
1147 2087 1180 2146 in
1201 2106 1253 2145 eo:
1274 2093 1299 2144 et

106 2165 307 2224 laudabuntur
320 2185 421 2224 omnes
434 2166 508 2225 recti
520 2167 615 2224 eorde.

166 2287 328 2362 Sequaris
470 2286 588 2345 Mundo
602 2287 738 2346 Christus
751 2290 856 2362 oritur,

468 2367 534 2426 Pax
547 2370 581 2426 in
594 2374 674 2426 terra
686 2371 812 2442 canitur,

508 2449 548 2506 In
561 2450 682 2507 excelsis
695 2450 795 2526 gloria.

468 2529 595 2587 Thomas
609 2530 727 2588 Christo
741 2533 880 2602 nascitur,

467 2611 550 2668 Dum
563 2631 617 2688 pro
631 2611 748 2669 Christo
762 2613 895 2689 patitur,

508 2693 595 2751 Inter
607 2692 669 2750 haec
682 2693 824 2751 solemnia

403 2840 405 2842 ,
467 2773 580 2844 Quinta
592 2774 723 2832 natalitii

465 2855 568 2933 Hujus
582 2862 626 2913 est
639 2855 776 2932 martyrii

506 2937 578 2994 Dies
592 2937 678 3013 plene
691 2937 806 3014 gaudie.

324 3016 384 3075 Hic
396 3017 502 3094 incipit
515 3017 670 3092 Sequentia
683 3018 717 3072 in
732 3016 934 3074 Pronuntiare
948 3015 1081 3092 &eraclona

466 3097 584 3155 Gaudet
597 3097 666 3153 hino
680 3096 808 3166 ecelesia,

466 3176 585 3235 Gaudet
598 3177 661 3233 caeli
675 3178 763 3245 curia,

506 3257 589 3314 Laeta
603 3263 687 3314 tanto
700 3258 787 3315 socio.

466 3337 553 3395 Felix
565 3344 679 3414 martyr
692 3358 908 3415 usquequaque,

465 3418 540 3476 Vite
553 3418 648 3476 clarus
662 3421 693 3476 in
706 3425 840 3496 utraque,

505 3500 670 3577 Dignitatis
682 3501 784 3576 gratia

465 3580 547 3639 Dum
560 3581 593 3638 in
606 3581 716 3639 mundo
730 3582 905 3642 sublimatus

466 3662 521 3719 Est
535 3661 646 3720 honore
660 3664 841 3738 praesulatus,

506 3742 547 3799 Et
560 3743 593 3800 in
607 3743 684 3802 caelis
696 3744 796 3821 gloria.

466 3823 570 3896 (lause,
586 3824 675 3896 loeus,
689 3826 715 3882 si
728 3832 886 3902 quaerat-ur,

465 3904 526 3962 Pro
539 3924 598 3982 que
612 3904 659 3962 vel
673 3925 731 3981 quo
745 3907 785 3963 sio
799 3907 928 3964 cudatur

505 3985 570 4043 Deo
583 3986 700 4061 placens
713 3986 826 4057 hostia;

464 4066 560 4124 Causa
574 4066 710 4124 Christus
723 4068 883 4138 invenitur,

464 4146 525 4205 Pro
539 4166 597 4223 quo
610 4153 731 4223 pugnat,
746 4149 793 4205 vel
806 4150 949 4224 punitur,

505 4226 600 4284 Locus
614 4235 658 4284 est
672 4228 798 4286 ecclesia.

464 4307 531 4364 Ara
543 4308 636 4365 erucis
650 4308 722 4366 tulit
735 4309 906 4384 Christum,

463 4388 548 4446 Ante
561 4408 642 4446 uram
656 4389 742 4447 eaedit
754 4390 850 4466 ipsum

504 4469 583 4527 Ense
596 4489 701 4529 manus
714 4470 812 4548 impia.
