2806 4920
142 335 204 399 136
615 330 735 400 Canon
755 331 876 398 Missos

404 499 461 556 En.
1015 497 1082 559 MS.

141 606 181 662 Ει
195 605 338 663 osculetur
350 604 459 663 Altero.
501 604 586 663 Dum
606 606 724 682 deponit
764 606 835 664 Post
850 603 1003 664 Orationes
1014 605 1109 680 eriqot
1120 603 1356 676 molossicas

139 687 308 744 ‘uestimento
338 706 402 757 sica,
431 687 475 744 eol
503 688 538 744 ire
568 689 663 746 eurqu
689 686 727 744 ab
767 687 878 758 Altera,
890 695 917 744 et
929 685 1076 745 redeundo
1088 686 1353 763 insipienter-Anti·

141 768 250 838 Alteri,
272 787 363 843 usque
382 767 425 825 ad
450 768 622 827 instituistis
645 768 726 827 diost
761 767 872 844 pliona.

142 849 352 925 sinthilronom.

203 946 308 1004 Trium
335 966 493 1024 puerorum
517 953 671 1005 cantemus
697 946 852 1023 hymnum,
878 966 968 1023 quem
990 946 1153 1004 oentsbsnt
1175 945 1212 1003 in
1236 946 1354 1005 esmino

142 1044 220 1121 ignis
232 1045 439 1103 benedicentes
453 1045 625 1103 Dominum.

203 1142 251 1199 Pe.
276 1141 455 1213 Benedicite,
477 1142 641 1199 sacerdotes
659 1141 783 1199 Domini
800 1141 938 1201 Domino,
983 1137 1063 1221 [eum
1084 1141 1355 1225 Versibus—MS]

346 1238 462 1321 [Gloria
475 1239 568 1297 Patri.
612 1239 696 1297 Siout
709 1237 894 1318 erat—Ed]

204 1340 253 1397 Pe.
277 1339 411 1397 qudete
425 1337 590 1395 Dominum
604 1339 637 1394 in
650 1337 767 1394 sanetis.
810 1336 914 1395 Gloria
927 1336 1021 1394 Patri

204 1438 253 1494 Po.
277 1437 368 1494 Nunc
381 1436 519 1494 dimittis.
563 1436 664 1494 Gloria
680 1435 772 1492 Patri

204 1534 384 1609 ΑηίῐμΙιοπα.
427 1533 531 1590 Trium
544 1553 711 1609 puerorum.

307 1634 404 1709 Kyrie
417 1633 544 1708 eleyson.
588 1632 705 1690 Christe
719 1631 846 1707 eleyson.
890 1631 987 1708 Kys-ie
1001 1631 1127 1709 eleyson.

306 1730 397 1788 Peter
409 1737 517 1788 noster.
561 1729 603 1786 Et
617 1749 654 1786 ne
668 1749 729 1786 nos.
773 1729 831 1786 Sed
844 1729 944 1786 libem.

307 1828 437 1887 Ostende
450 1829 544 1898 nobie,
560 1827 697 1896 Domine,
713 1826 942 1884 misericordiam
955 1831 1057 1884 tuum:

347 1927 388 1984 Et
406 1927 540 1983 sulutem.

308 2023 528 2105 [confiteantur
540 2024 606 2092 tibi,
622 2023 760 2094 Domine,
775 2023 875 2080 omnis
888 2041 978 2099 opero.
990 2028 1062 2082 tus:

347 2122 389 2179 Et
403 2123 498 2178 saneti
513 2122 559 2178 tui
571 2123 747 2179 benedieunt
760 2117 949 2200 tibi-MS]

307 2220 379 2276 Non
393 2220 486 2289 nohiS,
502 2220 638 2289 Domine,
654 2239 713 2276 non
728 2220 832 2277 nobis:
946 2233 949 2236 ’

348 2317 406 2373 Sed
420 2317 534 2373 nomini
548 2324 600 2373 tuo
614 2317 652 2373 ds
665 2317 796 2393 gloriam.

309 2411 450 2493 [Domine
465 2413 547 2471 Dens
561 2415 718 2483 intutum,
734 2420 872 2471 converte
886 2432 958 2470 nos:

349 2511 390 2568 Et
404 2512 524 2570 ostende
538 2512 643 2569 firciem
657 2520 749 2580 tuam,
765 2518 796 2569 et
809 2512 884 2568 salsi
898 2508 1140 2591 erimus-MS]

308 2611 479 2668 Sacerdotes
493 2612 538 2667 tui
553 2611 716 2668 induuntur
726 2611 894 2688 justitium:

350 2709 389 2765 Et
404 2711 498 2766 suncti
513 2711 558 2765 tui
573 2710 716 2766 exultent.

308 2808 445 2880 Domino,
460 2809 569 2865 exaudi
583 2808 745 2864 orutionem
760 2825 874 2862 meam:

349 2906 389 2962 Et
403 2906 519 2965 clamor.

309 3002 456 3059 Dominus
470 3005 628 3060 rohisermr.
673 3002 713 3057 Et
727 3021 794 3057 cum
808 3000 915 3076 spiritu
929 2998 1008 3056 tue*

207 3101 297 3171 DruS,
314 3101 366 3175 qui
383 3102 479 3157 tribus
493 3103 592 3178 pneris
606 3101 750 3177 mitigasti
765 3101 897 3156 flammas
912 3099 1034 3175 ignium,
1050 3098 1176 3155 conoede
1195 3100 1357 3176 propitius,

146 3205 180 3252 ut
195 3218 249 3253 nos
263 3199 387 3254 ferrutius
403 3207 469 3255 tuos
485 3220 543 3255 nou
559 3207 664 3255 exuret
680 3200 797 3254 flamma
811 3197 962 3253 vitiorum.
1006 3195 1064 3252 Per
1078 3195 1242 3253 Christum.

208 3295 280 3351 ,liin
297 3296 405 3352 Oratio

209 3392 363 3450 Protector
384 3394 414 3449 in
439 3401 470 3451 tr
492 3394 674 3469 sperantium
697 3394 788 3464 Deus,
803 3393 867 3450 siue
881 3413 939 3469 quo
952 3392 1028 3449 nihil
1051 3402 1097 3450 est
1118 3392 1262 3463 validum,
1278 3394 1357 3451 nihil

147 3500 291 3561 sanctum,
308 3492 470 3567 multiplica
485 3512 569 3568 saper
582 3512 635 3549 nos
649 3492 879 3549 misericordium
893 3499 983 3559 tumn,
995 3498 1030 3548 ut
1044 3499 1075 3549 ts
1088 3499 1211 3565 rectore,
1226 3499 1258 3550 te
1271 3493 1358 3555 duce.

147 3586 187 3641 sic
203 3593 386 3642 transeamus
400 3606 452 3662 per
466 3587 542 3643 hona
557 3587 738 3663 temporalis,
754 3592 789 3643 ut
803 3606 863 3643 non
877 3585 1049 3643 amittemus
1063 3592 1182 3645 reterns.
1228 3587 1295 3645 Per.

211 3944 353 4020 l'rojfalio
368 3946 549 4004 Commentis.

210 4046 269 4102 Per
283 4045 382 4101 omnis
394 4044 501 4102 saeculs
514 4045 695 4102 serculorum.
738 4046 846 4102 Amen.

210 4144 358 4201 Dominus
372 4143 531 4200 vobiscum.
576 4143 697 4199 Etcum
713 4144 820 4219 spiritu
835 4149 896 4199 tuo.

210 4243 335 4301 Sursum
348 4242 443 4301 eorda.
487 4241 642 4299 Habemus
656 4243 693 4298 sd
709 4242 880 4299 Dominum.

210 4343 329 4401 Gmtius
343 4362 463 4419 agamus
479 4341 608 4399 Domino
623 4343 687 4398 Deo
701 4346 810 4397 nostro,
855 4339 988 4416 Dignum
1002 4346 1033 4396 et
1043 4339 1161 4415 justum
1174 4346 1227 4397 est.

179 4496 194 4521 ⁹
211 4496 263 4540 Tho
275 4496 327 4541 MS.
339 4496 360 4541 is
371 4494 489 4541 deiectius
499 4494 561 4539 from
571 4494 621 4539 this
631 4495 698 4553 point
708 4499 733 4540 to
743 4495 784 4539 the
795 4493 882 4540 middle
893 4492 919 4537 ol
929 4492 969 4538 the
981 4490 1105 4550 Sequanos
1116 4490 1154 4536 ior
1164 4489 1252 4536 Buten
1262 4489 1326 4550 Dty.
